@InProceedings{10.1007/978-3-319-23826-5_15,
author="Boucher, Christina
and Bowe, Alexander
and Gagie, Travis
and Manzini, Giovanni
and Sir{\'e}n, Jouni",
editor="Iliopoulos, Costas
and Puglisi, Simon
and Yilmaz, Emine",
title="Relative Select",
booktitle="String Processing and Information Retrieval",
year="2015",
publisher="Springer International Publishing",
address="Cham",
pages="149--155",
abstract="Motivated by the problem of storing coloured de Bruijn graphs, we show how, if we can already support fast select queries on one string, then we can store a little extra information and support fairly fast select queries on a similar string.",
isbn="978-3-319-23826-5"
}

