@inproceedings{BGGMS14,
	author={Belazzougui, D. and Gagie, T. and Gog, S. and Manzini, G. and Sir\'{e}n, J.},
	title={Relative {FM}-Indexes},
	booktitle={Proc.\ SPIRE},
	year={2014},
	pages={52--64}}

@inproceedings{BP15,
	author={Bonissone, S.R. and Pevzner, P.A.},
	title={Immunoglobin classification using the colored antibody graph},
	booktitle={Proc.\ RECOMB},
	year={2015},
	pages={44--59}}

@inproceedings{BBGPS15,
	author={Boucher, C. and Bowe, A. and  Gagie, T. and Puglisi, S.J. and Sadakane, K.}, 
	title={Variable-Order de {Bruijn} Graphs},
	booktitle={Proc.\ DCC},
	year={2015}}

@inproceedings{BOSS12,
	author={Bowe, A. and Onodera, T. and Sadakane, K. and Shibuya, T.},
	title={Succinct de {Bruijn} Graphs},
	booktitle={Proc.\ WABI},
	year={2012},
	pages={225--235}}

@techreport{BW94,
	author= "Burrows, M. and Wheeler, D.J.",
	title = "A Block Sorting Lossless Data Compression Algorithm",
	number = "124",
	institution = "Digital Equipment Corporation",
	year = 1994}

@article{FM05,
    author = {Ferragina, P. and Manzini, G.},
    title = "Indexing Compressed Text",
    journal = "J.\ ACM",
    volume = 52,
    pages = "552--581",
    year = 2005}

@INPROCEEDINGS{GBMP14,
	author = {Gog, S. and Beller, T. and Moffat, A. and Petri, M.},
	title = {From Theory to Practice: Plug and Play with Succinct Data Structures},
	booktitle = {Proc.\ SEA},
	year = {2014},
	pages = {326--337}}

@article{IW95,
    author = {Idury, R.M. and Waterman, M.S.},
    journal = {J.\ Comput.\ Biol.},
    pages = {291--306},
    title = {A new algorithm for {DNA} sequence assembly},
    volume = {2},
    year = {1995}}

@article{ICTFM12,
	author={Iqbal, Z. and Caccamo, M. and Turner, I. and Flicek, P. and McVean, G.},
	title={De novo assembly and genotyping of variants using colored de {Bruijn} graphs},
	journal={Nature Genetics},
	volume={44}, 
	pages={226--232},
	year={2012}}

@article{PTW01,
    author = {Pevzner, P.A. and Tang, H. and Waterman, M.S.},
    journal = {Proc.\ Nat.\ Acad.\ Sci.},
    pages = {9748--9753},
    title = {An {E}ulerian path approach to {DNA} fragment assembly},
    volume = {98},
    year = {2001}}

@ARTICLE{RRR07,
  author = {Raman, R. and Raman, V. and Rao Satti, S.},
  title = {Succinct indexable dictionaries with applications to encoding $k$-ary trees, prefix sums and multisets},
  journal = {ACM Trans.\ Algorithms},
  year = {2007},
  volume = {3},
  pages = {43}}

@ARTICLE{Rozowsky2011,
	author = {Rozowsky, J. and others},
	title = {{AlleleSeq}: analysis of allele\mbox{-}specific expression and binding in a network framework},
	journal = {Molecular Systems Biology},
	year = {2011},
	volume = {7},
	pages = {522}}