    % This file was created with JabRef 2.3b2.
    % Encoding: Cp1252
    
@comment  false positive means single molecule maps that appear related but are not.  They use this to compute consensus maps in polynomial time (which would normally be in NP) with a bounded error rate
@comment  related.  They describe Gentig  (GENomic conTIG) in this paper which forms optical consensus maps.

@article{pop_aligner,
	author={Mendelowitz, L. and Schwartz, D. and Pop, M.},
	title={{}},
	journal={To appear in Journal of Bioinformatics}, 
	volume={},
	number={}, 
	year={},
	pages={}
}	
	

@article{xbw,
 author = {Ferragina and others},
 title = {Compressing and Indexing Labeled Trees, with Applications},
 journal = {J. ACM},
 issue_date = {November 2009},
 volume = {57},
 number = {1},
 month = nov,
 year = {2009},
 issn = {0004-5411},
 pages = {4:1--4:33},
 articleno = {4},
 numpages = {33},
 url = {http://doi.acm.org/10.1145/1613676.1613680},
 doi = {10.1145/1613676.1613680},
 acmid = {1613680},
 publisher = {ACM},
 address = {New York, NY, USA},
 keywords = {Burrows-Wheeler transform, XML compression, XML indexing, labeled tree compression, labeled tree indexing, path searching, tree navigation},
} 


%% page numbers missing
@article{SAGE,
	author={Ilie, L. and Haider, B. and Molnar, M. and Solis-Oba, R},
	title={{SAGE: String-overlap Assembly of GEnomes}},
	journal={BMC Bioinformatics}, 
	volume={15},
	number={302}, 
	year={2014}
}
	
@article{ismb2015,
	author={Muggli, M. and Puglisi, S.J. and Ronen, R. and Boucher, C.},
	title={Misassembly Detection using Paired-End Sequence Reads and Optical Mapping Data},
	journal={Bioinformatics}, 
	volume={31},
	number={12},
	pages={i80-i88}, 
	year={2015} 
}


@article{bowtie,
	author={Langmead, B. and Trapnell, C. and Pop, M. and Salzberg, S.L.},
	title={Ultrafast and memory-efficient alignment of short {DNA} sequences to the human genome},
	journal={Genome Biology},
	year={2009},
	volume={10},
	number={3},
	pages={R25}
}

@article{plum,
	author={Zhang, Q. and others},
	title={The genome of {{\em Prunus mume}}},
	journal={Nature Communications}, 
	year={2012},
	volume={3},
	pages={1318}}

@article{ali,
	author={Pendleton, M. and others},
	title={Assembly and diploid architecture of an individual human genome via single-molecule technologies},
	journal={Nature Methods},
	year={2015},
	volume={12},
	pages={780--786} 
}
@article{
n2013,
TITLE = "Wavelet Trees for All",
AUTHOR = "Navarro, G.",
JOURNAL = "J. Discrete Algorithms",
YEAR = 2014,
VOLUME = 25,
PAGES = "2--20"
}

%Gupta, A. and Vitter, J.S.
@inproceedings{
ggv2003,
author    = {Grossi, R. and others},
title     = {High-order entropy-compressed text indexes},
booktitle = {Proc. of SODA},
year      = {2003},
pages     = {841--850}
}


@article{ostrich,
	article={Improving the ostrich genome assembly using optical mapping data},
	author={Zhang, J. andi Li, C. and Zhou, Q. and Zhang, G.},
	journal={GigaScience},
	year={2014}
}
@article{bird,
	author={Zhang, G.and others},
	title={Genomic data of the Ostrich ({\em Struthio camelus australis})}, 
	journal={GigaScience Database},
	year={2015},
	volume={4},
	pages={24}
}

@misc{error_rate,
    author = "VanSteenHouse, Harper",
    year={2013},
    institution = {BioNano Genomics},
    howpublished = "personal communication"
}   
   
@article{pop_review,
	author={Mendelowitz, L. and Pop, M.},
	title={Computational methods for optical mapping},
	journal={GigaScience},
	year={2014},
	volume={3},
	page={33}
}

%V\"{a}lim\"{a}ki, N. and M\"{a}kinen, V.
@article{dag_method,
    title={Indexing Graphs for Path Queries with Applications in Genome Research},
    journal = {IEEE/ACM Transactions on Computational Biology and Bioinformatics},
    volume=11,
    number = 2,
    pages = "375--388",
    year={2014},
    author={ Sir\'{e}n, J. and others}
}
    
@comment author={Miller, J. R. and Delcher, A. L. and Koren, S. and Venter, E. and Walenz, B. P. and Brownley, A. and Johnson, J. and Li, K. and Mobarry, C. and Sutton, G.},
@article{celera,
    author={Miller, J. R. and others},
    title={Aggressive Assembly of Pyrosequencing Reads with Mates},
    journal = {Bioinformatics},
    year={2008},
    volume=24,
    pages={2818-2824}
}

@comment author = {Reslewic, S. and Zhou, S. and Place, M. and Zhang, Y. and Briska, A. and Goldstein, S. and Churas, C. and Runnheim, R. and Forrest, D. and Lim, A. and Lapidus, A. and Han, C.S. and Roberts, G.P. and Schwartz, D.C.} 
@article{amborella,
    author={Chamala, S. and others},
    title={Assembly and Validation of the Genome of the Nonmodel Basal Angiosperm {\em Amborella}},
    journal = {Science},
    volume={342},
    number={6165},
    pages={1516--1517},
    year={2013}
}
    
@article{igv,
    author={Helga Thorvaldsd{\`o}ttir and James T. Robinson and Jill P. Mesirov},
    title={{Integrative Genomics Viewer (IGV): High-performance Genomics Data Visualization and Exploration}},
    journal = {Brief.  Bioinform.},
    year={2013},
    volume={14},
    number={2},
    pages={178-92}
}
    
@article{SDSL,
    author = {Simon Gog and Matthias Petri},
    title = {Optimized Succinct Data Structures for Massive Data},
    journal = {Software Pract. Expr.},
    year = {to appear}}
    
    
@book{fmindex,
    author={M\"{a}kinen, V. and V\"{a}lim\"{a}ki, N. and Laaksonen, A. and Katainen, A},
    title={Algorithms and Applications},
    pages={182--195},
    year={2010},
    publisher={Springer-Verlag},
    address={Berlin, Heidelberg}
}
    
@ARTICLE{mcconnell86,
    author    = {Clift, B. and Haussler, D. and McConnell, R.M. and Schneider, T.D. and Stormo, G.D.},
    title     = {{Sequence Landscapes}},
    journal   = {Nucleic Acids Res.},
    volume    = {14},
    year      = {1986},
    pages     = {141-158},
}
    
@article{rearrangements,
    author = {Zhang, F. and Carvalho, C.M. and Lupski, J.R.},
    journal = {Trends  Genet.},
    number = {7},
    pages = {298--307},
    title = {{Complex Human Chromosomal and Genomic Rearrangements.}},
    volume = {25},
    year = {2009}
}
    
@article{glenn,
    author={Pevzner, P. and Tesler, G.},
    journal = {Genome Res.},
    title={Genome Rearrangements in Mammalian Evolution: Lessons from Human and Mouse Genomes},
    volume=13,
    number=1,
    year=2003,
    pages={37--45}
}
    
@article{parkinsons,
    author = {Pankratz et al. },
    journal = {PLOS ONE},
    number = {8},
    title = {{Copy Number Variation in Familial Parkinson Disease.}},
    volume = {6},
    year = {2011}
}
    
    
@article{cnv,
    author={Clop, A. and Vidal, O. and Amills, M},
    title={Copy Number Variation in the Genomes of Domestic Animals},
    journal = {Anim. Genet.},
    year={2012},
    volume=43,
    number=5,
    pages={503-17}
}
    
@comment    author = {Marshall, C.R. and Noor, A. and Vincent, J.B. and Lionel, A.C. and Feuk, L. and Skaug, J. and Shago, M. and Moessner, R. and Pinto, D. and Ren, Y.},
    
@article{autism,
    author = {Marshall, C.R. and others},
    journal = {Am. J. Hum. Gen.},
    number = {2},
    pages = {477--488},
    title = {{Structural Variation of Chromosomes in Autism Spectrum Disorder}},
    volume = {82},
    year = {2008}
}
    
    
@article{sch,
    author = {{International Schizophrenia Consortium}},
    journal = {Nature},
    number = {7210},
    pages = {237--241},
    title = {{Rare Chromosomal Deletions and Duplications Increase Risk of Schizophrenia.}},
    volume = {455},
    year = {2008}
}
    
@comment    author = {Sutrala, S.R. and Goossens, D. and Williams, N.M. and Heyrman, L. and Adolfsson, R. and Norton, N. and Buckland, P.R. and Del-Favero, J.},
@article{sch2,
    author = {Sutrala, S.R. and others},
    journal = {Schizophr. Res.},
    number = {1-3},
    pages = {93--99},
    title = {{Gene Copy Number Variation in Schizophrenia.}},
    volume = {96},
    year = {2007}
}
    
    
@article{traits,
    author = {Beckmann, J.S. and Estivill, X. and Antonarakis, S.E.},
    journal = {Nat. Rev. Genet.},
    number = {8},
    pages = {639--646},
    title = {{Copy Number Variants and Genetic Traits: Closer to the Resolution of Phenotypic to Genotypic Variability}},
    volume = {8},
    year = {2007}
}
    
@article{cancer,
    title={Copy Number Variations and Cancer},
    author={Shlien, A. and Malkin, D.},
    journal = {Genome Medicine},
    year={2009},
    volume=1,
    number=6,
    pages={62}
}
    
@comment author = {Dong, Yang and Xie, Min and Jiang, Yu and Xiao, Nianqing and Du, Xiaoyong and Zhang, Wenguang and Tosser-Klopp, Gwenola and Wang, Jinhuan and Yang, Shuang and Liang, Jie and Chen, Wenbin and Chen, Jing and Zeng, Peng and Hou, Yong and Bian, Chao and Pan, Shengkai and Li, Yuxiang and Liu, Xin and Wang, Wenliang and Servin, Bertrand and Sayre, Brian and Zhu, Bin and Sweeney, Deacon and Moore, Rich and Nie, Wenhui and Shen, Yongyi and Zhao, Ruoping and Zhang, Guojie and Li, Jinquan and Faraut, Thomas and Womack, James and Zhang, Yaping and Kijas, James and Cockett, Noelle and Xu, Xun and Zhao, Shuhong and Wang, Jun and Wang, Wen},
@article{goat,
    title={Sequencing and Automated Whole-Genome Optical Mapping of the Genome of a Domestic Goat ({\em Capra hircus})},
    author={Y. Dong and others},
    journal = {Nature Biotechnology},
    volume={31},
    number={2},
    year=2013,
    pages={136--141}
}
    
@article{teague,
    author = {B. Teague and others},
    journal = {Proc. Natl. Acad. Sci.},
    number = {24},
    pages = {10848--10853},
    title = {High-Resolution Human Genome Structure by Single-Molecule Analysis},
    volume = {107},
    year = {2010}
}
    
@techreport{antoniotti,
    title={Genomics via optical mapping 
    : sequence validation via optical map matching},
    author={Antoniotti, M. and Anantharaman, T. and Paxia, S. and Mishra, B.},
    institution={New York University},
    year={2001}
}
    
@article{zheng,
    author = {Zheng, Y. and Roberts, R.J.},
    journal = {Nucleic Acids Res.},
    pages = {gkm410+},
    title = {{Selection of Restriction Endonucleases using Artificial Cells}},
    year = {2007}
}
    
    
    
@article{soma,
    author = {Nagarajan, N. and Read, T.D. and Pop, M.},
    journal = {Bioinformatics},
    number = {10},
    pages = {1229--1235},
    title = {{Scaffolding and Validation of Bacterial Genome Assemblies using Optical Restriction Maps}},
    volume = {24},
    year = {2008}
}
    
@article{church,
    author = {Church, D. M. and others},
    journal = {PLoS Biology},
    number = {5},
    pages = {e1000112+},
    title = {Lineage-Specific Biology Revealed by a Finished Genome Assembly of the Mouse},
    volume = {7},
    year = {2009}
}
    
    
    
@article{zhou4,
    author = {S. Zhou and others},
    journal = {PLoS Genet.},
    number = {11},
    pages = {e1000711+},
    title = {A Single Molecule Scaffold for the Maize Genome},
    volume = {5},
    year = {2009}
}
    
    
@article{latreille,
    author = {P. Latreille et al.},
    journal = {BMC Genomics},
    number = {1},
    pages = {321+},
    title = {Optical Mapping as a Routine Tool for Bacterial Genome Sequence Finishing},
    volume = {8},
    year = {2007}
}
   
@comment author = {Reslewic, S. and Zhou, S. and Place, M. and Zhang, Y. and Briska, A. and Goldstein, S. and Churas, C. and Runnheim, R. and Forrest, D. and Lim, A. and Lapidus, A. and Han, C.S. and Roberts, G.P. and Schwartz, D.C.} 
@article{reslewic,
    author = {Reslewic, S. and others},
    journal = {Applied Environmental Microbiology},
    number = {9},
    pages = {5511--5522},
    title = {Whole-Genome Shotgun Optical Mapping of {{\em Rhodospirillum Rubrum}}},
    volume = {71},
    year = {2005}
}
    
    
@comment author = {Zhou, S. and Deng, W. and Anantharaman,T.S. and Lim, A. and Dimalanta, E.T. and Wang, J. and Wu, T. and Chunhong, T. and Creighton, R. and Kile, A. and Kvikstad, E. and Bechner, M. and Yen, G. and Garic-Stankovic, A. and Severin, J. and Forrest, D. and Runnheim, R. and Churas, C. and Lamers, C. and Perna, N.T. and Burland, V. and Blattner, F.R. and Mishra, B. and Schwartz, D.C.},
@article{zhou,
    author = {Zhou, S. and others},
    journal = {Applied and Environmental Microbiology},
    number = {12},
    pages = {6321--6331},
    title = {A Whole-Genome Shotgun Optical Map of {{\em Yersinia pestis}} Strain {KIM}},
    volume = {68},
    year = {2002}
}
   
 
@comment author={Zhou, S. and Kile, A. and Kvikstad, E. and Bechner, M. and Severin, J. and Forrest, D. and Runnheim, R. and Churas, C. and Anantharaman, T.S. and Myler, P. and Vogt, C. and Ivens, A. and Stuart, K. and Schwartz, D.C.},
@article{zhou2,
    title={Shotgun Optical Mapping of the Entire {{\em Leishmania major} {F}riedlin} Genome},
    author={Zhou, S. and others},
    journal = {Molecular and Biochemical Parasitology},
    year={2004},
    volume={138},
    number=1,
    pages={97--106}
}
    
    
@article{bendor,
    author={Ben-Dor, A. and Karp, R.M. and Schwikowski, B. and Shamir, R.},
    title={The Restriction Scaffold Problem.},
    journal = {J. Comp. Biol.},
    year={2003},
    volume={10},
    number={3-4},
    pages={385--398}
}
    
@article{engler,
    author = {Engler, F.W. and Hatfield, J. and Nelson, W. and Soderlund, C.A.},
    journal = {Genome Res.},
    number = {9},
    pages = {2152--2163},
    title = {{Locating Sequence on FPC Maps and Selecting a Minimal Tiling Path}},
    volume = {13},
    year = {2003}
}
    
@article{samad,
    author = {Samad, A. and Huff, E. F. and Cai, W. and Schwartz, D. C.},
    journal = {Genome Res.},
    number = {1},
    pages = {1--4},
    title = {{Optical Mapping: A Novel, Single-Molecule Approach to Genomic Analysis.}},
    volume = {5},
    year = {1995}
}
    
    %% fill in pages
@comment 
@article{agora,
    title={{AGORA: Assembly Guided by Optical Restriction Alignment}},
   author={Lin, H.C and Goldstein, S. and Mendelowitz, L. and Zhou,  S. and Wetzel, J. and Schwartz, D.C. and Pop, M.},
    journal = {BMC Bioinformatics},
    year=2012,
    volume=12,
    pages=189
}
    
@article{
    kawahara2013improvement,
    author={Y. Kawahara and others},
    title={Improvement of the {\em Oryza sativa Nipponbare} Reference Genome using Next Generation Sequence and Optical Map Data},
    journal = {Rice},
    year={2013},
    volume={6},
    number={4},
    pages={1--10}
}
    
@article{crop1,
    author = {Bevan, M. and Uauy, C.},
    journal = {Genome Biol.},
    number = {6},
    pages = {206},
    title = {{Genomics Reveals New Landscapes for Crop Improvement}},
    volume = {14},
    year = {2013}
}
    
@article{agren,
    author = {Agren, J. and Schemske, D.W.},
    journal = {New Phytol.},
    pages = {1112-1122.},
    title = {{Reciprocal Transplants Demonstrate Strong Adaptive Differentiation of the Model Organism {\em Arabidopsis thaliana} in its Native Range}},
    year = {2012},
    volume={194},
    number={4}
}
    
@article{col,
    author = {Bevan, M. and Walsh, S.},
    journal = {Genome Res.},
    number = {12},
    pages = {1632--1642},
    title = {{The {\em Arabidopsis} Genome: A Foundation for Plant Research}},
    volume = {15},
    year = {2005}
}
    
@article{col2,
    author = {{The Arabidopsis Genome Initiative}},
    journal = {Nature},
    number = {6814},
    pages = {796--815},
    title = {{Analysis of the Genome Sequence of the Flowering Plant {\em Arabidopsis thaliana}}},
    volume = {408},
    year = {2000}
}
    
@article{linkage,
    author={McCombie et al.},
    title={The Complete Sequence of a Heterochromatic Island from a Higher Eukaryote},
    journal = {Cell},
    year={2000},
    volume=100,
    number=3,
    pages={377--386}
}
    
    
@article{ray,
    author = {Boisvert, S. and Raymond, F. and Godzaridis, E. and Laviolette, F. and Corbeil, J.},
    journal = {Genome Biol.},
    number = {12},
    pages = {R122+},
    title = {{Ray Meta: Scalable De Novo Metagenome Assembly and Profiling}},
    volume = {13},
    year = {2012}
}
    
@ARTICLE{spades,
    author = {Bankevich, A. and others.},
    title = {{SPAdes: a new Genome assembly algorithm and its applications to single-cell sequencing}},
    journal = {J. Comp. Biol.},
    year = {2012},
    volume = {19},
    number={5},
    pages = {455--477},
    }
    
@comment    author = {Butler, J. and MacCallum, I. and Kleber, M. and Shlyakhter, I.A. and Belmonte, M.K. and Lander, E.S. and Nusbaum, C. and Jaffe, D.B.},
@article{Butler:2008,
    author = {Butler, J. and others},
    journal = {Genome Res.},
    number = {5},
    pages = {810--820},
    title = {{ALLPATHS: De novo Assembly of Whole-Genome Shotgun Microreads}},
    volume = {18},
    year = {2008}
}
    
@article{compeau,
    author = {Compeau, P.E.C. and Pevzner, P.A. and Tesler, G.},
    journal = {Nat. Biotechnol.},
    number = {11},
    pages = {987--991},
    title = {How to Apply De Bruijn Graphs to Genome Assembly},
    volume = {29},
    year = {2011}
}
    
    @article{green2,
    author = {Ewing, B. and Green, P.},
    journal = {Genome Res.},
    number = {3},
    pages = {186--194},
    title = {{Base-Calling of Automated Sequencer Traces Using Phred. II. Error Probabilities}},
    volume = {8},
    year = {1998}
}
    
@article{green1,
    abstract = {{An international, peer-reviewed genome sciences journal featuring outstanding original research that offers novel insights into the biology of all organisms}},
    author = {Ewing, B. and Hillier, L. and Wendl, M.C. and Green, P.},
    journal = {Genome Res.},
    number = {3},
    pages = {175--185},
    title = {{Base-Calling of Automated Sequencer Traces Using Phred. I. Accuracy Assessment}},
    volume = {8},
    year = {1998}
}
    
@article{IW95,
    author = {Idury, R.M and Waterman, M.S.},
    journal = {J. Comp. Biol.},
    number = {2},
    pages = {291--306},
    title = {{A New Algorithm for DNA Sequence Assembly.}},
    volume = {2},
    year = {1995}
}
    
    
    
@inproceedings{kecec,
    author = {Kececioglu, J. and Ju, J.},
    booktitle = {Proceedings of the Fifth Annual International Conference on Computational Biology (RECOMB)},
    pages = {176--183},
    title = {{Separating Repeats in DNA Sequence Assembly}},
    year = {2001}
}
    
    
@article{blat,
    author = {Kent, J.W.},
    journal = {Genome Res.},
    number = {4},
    pages = {656--664},
    title = {{BLAT--The BLAST-Like Alignment Tool}},
    volume = {12},
    year = {2002}
}
    
@article{Li:2010,
    journal = {Nature},
    author = {Li et al.},
    number = {7279},
    pages = {311--317},
    title = {{The Sequence and De Novo Assembly of the Giant Panda Genome.}},
    volume = {463},
    year = {2010}
}
    
@article{Li2:2010,
    author = {Li and others},
    journal = {Genome Res.},
    number = {2},
    pages = {265--272},
    title = {{De Novo Assembly of Human Genomes with Massively Parallel Short Read Sequencing}},
    volume = {20},
    year = {2010}
}
    
@article{Chaisson:2008,
    author = {Chaisson, M.J. and Pevzner, P.A.},
    journal = {Genome Res.},
    number = {2},
    pages = {324--330},
    title = {{Short Read Fragment Assembly of Bacterial Genomes}},
    volume = {18},
    year = {2008}
}
    
@article{PTT04,
    author = {Pevzner, P.A. and Tang, H. and Tesler, G.},
    journal = {Genome Res.},
    number = {9},
    pages = {1786--1796},
    title = {{De Novo Repeat Classification and Fragment Assembly}},
    volume = {14},
    year = {2004}
}
    
@article{PTW,
    author = {Pevzner, P.A. and Tang, H. and Waterman, M.S.},
    journal = {Proc. Natl. Acad. Sci. U.S.A.},
    number = {17},
    pages = {9748--9753},
    title = {{An Eulerian Path Approach to DNA Fragment Assembly.}},
    volume = {98},
    year = {2001}
}
    
@article{Robinson:2011,
    author = {Robinson et al.},
    journal = {Science},
    number = {6023},
    title = {{Creating a Buzz About Insect Genomes.}},
    volume = {331},
    year = {2011}
}
    
@article{Alkan:2011,
    author = {Alkan, C. and Sajjadian, S. and Eichler, E.E.},
    journal = {Nature Methods},
    number = {1},
    pages = {61--65},
    title = {{Limitations of next-generation genome sequence assembly}},
    volume = {8},
    year = {2010}
}
    
@comment    author = {Simpson, J.T. and Wong, K. and Jackman, S.D. and Schein, J.E. and Jones, S.J. M. and Birol, I},
@article{Simpson:2009,
    author = {Simpson, J.T. and others},
    journal = {Genome Res.},
    number = {6},
    pages = {1117--1123},
    title = {{ABySS: A Parallel Assembler for Short Read Sequence Data}},
    volume = {19},
    year = {2009}
}
    
@article{tammi:2002,
    author = {Tammi, M.T. and Arner, E. and Britton, T. and Andersson, B},
    journal = {Bioinformatics},
    number = {3},
    pages = {379--388},
    title = {{Separation of Nearly Identical Repeats in Shotgun Assemblies using Defined Nucleotide Positions, DNPs}},
    volume = {18},
    year = {2002}
}
    
@article{wheeler,
    author = {Wheeler et al.},
    journal = {Nature},
    number = {7189},
    pages = {872--876},
    title = {{The Complete Genome of an Individual by Massively Parallel DNA Sequencing}},
    volume = {452},
    year = {2008}
}
    
@article{Zerbino:2008,
    author = {Zerbino, D.R. and Birney, E.},
    journal = {Genome Res.},
    number = {5},
    pages = {821--829},
    title = {{Velvet:  Algorithms for De Novo Short Read Assembly using De Bruijn Graphs.}},
    volume = {18},
    year = {2008}
}
    
    
@article{Zhi,
    author = {Zhi, D. and Keich, U. and Pevzner, P. and Heber, S. and Tang, H.},
    journal = {IEEE/ACM Trans Comput Biol Bioinform},
    number = {1},
    pages = {54--64},
    title = {{Correcting Base-Assignment Errors in Repeat Regions of Shotgun Assembly.}},
    volume = {4},
    year = {2007}
}
    
@article{amos,
    author = {Phillippy, A. and Schatz, M. and Pop, M.},
    journal = {Genome Biol.},
    number = {3},
    pages = {R55+},
    title = {{Genome Assembly Forensics: Finding the Elusive Mis-assembly}},
    volume = {9},
    year = {2008}
}
@article{salzberg,
    author = {Salzberg, S.L.},
    journal = {Bioinformatics},
    number = {24},
    pages = {4320--4321},
    title = {Beware of Mis-assembled Genomes},
    volume = {21},
    year = {2005}
}
    
@article{sequel,
    author = {Ronen, R. and Boucher, C. and Chitsaz, H. and Pevzner, P.},
    journal = {Bioinformatics},
    number = {12},
    pages = {i188--i196},
    title = {{SEQuel: Improving the Accuracy of Genome Assemblies}},
    volume = {28},
    year = {2012}
}

@inproceedings{wabi2014,
  author    = {Muggli, M.D. and Puglisi, S.J. and Boucher, C.},
  title     = {Efficient Indexed Alignment of Contigs to Optical Maps},
  booktitle = {Proc. of WABI},
  pages     = {68--81},
  year      = {2014}
}
    
@comment author={Hunt, M. and Kikuchi, T. and Sanders, M. and Newbold, C. and Berriman, M. and Otto, T. D.},
@article{reapr,
    author={Hunt, M. and others},
    title={{REAPR:  A Universal Tool for Genome Assembly Evaluation}},
    journal = {Genome Biol.},
    year={2013},
    volume=14,
    number={R47},
}
    
@article{quast,
    author = {Gurevich, A. and Saveliev, V. and Vyahhi, N. and Tesler, G.},
    journal = {Bioinformatics},
    number = {8},
    pages = {1072--1075},
    title = {{QUAST:  quality assessment tool for genome assemblies}},
    volume = {29},
    year = {2013}
}
    
@article{miller,
    author = {Miller et al.},
    journal = {Bioinformatics},
    number = {24},
    pages = {2818--2824},
    title = {{Aggressive Assembly of Pyrosequencing Reads with Mates.}},
    volume = {24},
    year = {2008}
}
    
@article{wang,
    author = {Wang et al.},
    journal = {BMC Genomics},
    number = {1},
    pages = {239+},
    title = {{A Sequence-Based Genetic Linkage Map as a Reference for {\em Brassica rapa } Pseudochromosome Assembly}},
    volume = {12},
    year = {2011}
}
    
    %%%%%%%%%%
    
    
@article{
    mm1993,
    author = "Manber, U. and Myers, G. W.",
    title = "Suffix Arrays: A New Method for On-line String Searches",
    journal = "SIAM Journal on Scientific Computing",
    volume = "22",
    number = "5",
    year = "1993",
    pages = "935-948"
}
    
@article{
    fm2005,
    author = {Ferragina, P. and Manzini, G.},
    title = "Indexing Compressed Text",
    journal = "J. ACM",
    volume = 52,
    number = 4,
    pages = "552--581",
    year = 2005
}
    
@techreport{
    bw1994,
    author = "Burrows, M. and Wheeler, D.J.",
    
    title = "A Block Sorting Lossless Data Compression Algorithm",
    number = "124",
    institution = "Digital Equipment Corporation",
    address = "Palo Alto, California",
    year = 1994
}
    
@inproceedings{Anantharaman01,
    author = {Anantharaman, T. and Mishra, B.},
    title = { A probabilistic analysis of false positives in optical map alignment and validation},
    booktitle = {Proc. of WABI},
    year ={2001},
    pages={27--40}
}
    
@article{GNPtcs11,
    AUTHOR = "T. Gagie and G. Navarro and S. J. Puglisi",
    TITLE = "New Algorithms on Wavelet Trees and Applications to
    Information Retrieval",
    JOURNAL = "Theoretical Computer Science",
    YEAR = 2012,
    VOLUME = "426-427",
    PAGES = "25--41"
}
    
@incollection{topk,
    title={Top-k Ranked Document Search in General Text Databases},
    author={Culpepper, J. Shane and Navarro, Gonzalo and Puglisi, Simon J. and Turpin, Andrew},
    booktitle={Algorithms--ESA 2010},
    pages={194--205},
    year={2010},
    publisher={Springer}
}
    
@comment  author={Bradnam, Keith R and Fass, Joseph N and Alexandrov, Anton and Baranay, Paul and Bechner, Michael and Birol, Inan{\c{c}} and Boisvert, S{\'e}bastien and Chapman, Jarrod A and Chapuis, Guillaume and Chikhi, Rayan and others},
@article{bradnam2013assemblathon,
    title={Assemblathon 2: evaluating {\em de novo} methods of genome assembly in three vertebrate species},
    author={Bradnam, Keith R and others},
    journal = {GigaScience},
    volume={2},
    number={1},
    pages={1--31},
    year={2013},
}
    
@comment 
@article{gigadb,
    author = {Howard, J. T. and Koren, S. and Phillippy, A. and Zhou, S. and Schwartz, D. and Schatz, M. and Aboukhalil, R. and Ward, J. M. and Li, J. and Li, B. and Fedrigo, O. and Bukovnik, L. and Wang, T. and Wray, G. and Rasolonjatovo, I. and Winer, R. and Knight, J. R. and Warren, W. and Zhang, G. and Jarvis, E. D.},
    journal = {GigaScience Database},
    title = {{\em De Novo} High-coverage Sequencing and Annotated Assemblies of the Budgerigar Genome},
    year = {2014},
    volume={3},
    pages={11}
}


@article{BWA,
    abstract = {The enormous amount of short reads generated by the new DNA sequencing technologies call for the development of fast and accurate read alignment programs. A first generation of hash table-based methods has been developed, including MAQ, which is accurate, feature rich and fast enough to align short reads from a single individual. However, MAQ does not support gapped alignment for single-end reads, which makes it unsuitable for alignment of longer reads where indels may occur frequently. The speed of MAQ is also a concern when the alignment is scaled up to the resequencing of hundreds of individuals.|We implemented Burrows-Wheeler Alignment tool (BWA), a new read alignment package that is based on backward search with Burrows-Wheeler Transform (BWT), to efficiently align short sequencing reads against a large reference sequence such as the human genome, allowing mismatches and gaps. BWA supports both base space reads, e.g. from Illumina sequencing machines, and color space reads from AB SOLiD machines. Evaluations on both simulated and real data suggest that BWA is approximately 10-20x faster than MAQ, while achieving similar accuracy. In addition, BWA outputs alignment in the new standard SAM (Sequence Alignment/Map) format. Variant calling and other downstream analyses after the alignment can be achieved with the open source SAMtools software package.|http://maq.sourceforge.net.},
    added-at = {2012-06-02T05:59:56.000+0200},
    author = {Li, H. and Durbin, R.},
    journal = {Bioinformatics},
    keywords = {Algorithms Alignment Analysis, DNA Genomics Sequence Software},
    number = 14,
    pages = {1754-60},
    title = {Fast and Accurate Short Read Alignment with {B}urrows-{W}heeler Transform.},
    volume = 25,
    year = 2009
}
    
@article {am2013,
    author = {Thomas Anantharaman and Bud (Bhubaneswar) Mishra},
    title = {Genomics via Optical Mapping (I): 0-1 Laws for Mapping with Single Molecules},
    year = {2013},
    URL = {http://biorxiv.org/content/early/2013/11/22/000844},
    eprint = {http://biorxiv.org/content/early/2013/11/22/000844.full.pdf},
    journal = {bioRxiv}
}
    
@article{Bowtie09,
    abstract = {Bowtie is an ultrafast, memory-efficient alignment program for aligning
    short DNA sequence reads to large genomes. For the human genome,
    Burrows-Wheeler indexing allows Bowtie to align more than 25 million
    reads per CPU hour with a memory footprint of approximately 1.3 gigabytes.
    Bowtie extends previous Burrows-Wheeler techniques with a novel quality-aware
    backtracking algorithm that permits mismatches. Multiple processor
    cores can be used simultaneously to achieve even greater alignment
    speeds. Bowtie is open source and available at http://bowtie.cbcb.umd.edu.},
    added-at = {2012-04-12T04:52:49.000+0200},
    author = {Langmead, Ben and Trapnell, Cole and Pop, Mihai and Salzberg, Steven},
    biburl = {http://www.bibsonomy.org/bibtex/278121898b14df5c2821550a1ac02d1d8/ytyoun},
    description = {Next generation sequencing},
    interhash = {a19b702c652f4f2b57c914cbd0fc992c},
    intrahash = {78121898b14df5c2821550a1ac02d1d8},
    issn = {1465-6906},
    journal = {Genome Biol.},
    keywords = {bowtie sequencing short-reads},
    number = 3,
    pages = {R25},
    timestamp = {2012-04-12T04:52:49.000+0200},
    title = {Ultrafast and Memory-efficient Alignment of Short {DNA} Sequences to
    the Human Genome},
    volume = 10,
    year = 2009
}
    
@comment  url = {http://dblp.uni-trier.de/db/journals/jcb/jcb13.html#ValouevLLSYZW06},
@comment  author =
@article{Valouev06,
    added-at = {2008-12-19T00:00:00.000+0100},
    author =  {Valouev, A. and Li, L. and Liu, Y.-C. and Schwartz, D.C. and Yang, Y. and Zhang, Y. and Waterman, M.S.},
    biburl = {http://www.bibsonomy.org/bibtex/2459554af27961da832430393d314c464/dblp},
    date = {2008-12-19},
    description = {dblp},
    interhash = {d32fa9531ab87b193ab9b1a3b8e22834},
    intrahash = {459554af27961da832430393d314c464},
    journal = {J. Comp Bio},
    keywords = {dblp},
    number = 2,
    pages = {442-462},
    timestamp = {2008-12-19T00:00:00.000+0100},
    title = {Alignment of Optical Maps.},
    volume = 13,
    year = 2006
}


@article{valouev2006algorithm,
  title={An Algorithm for Assembly of Ordered Restriction Maps From Single {DNA} Molecules}, 
  author={Valouev, A. and Schwartz, D.C. and Zhou, S. and Waterman, M.S.},
  journal={Proc Natl Acad Sci},
  volume={103},
  number={43},
  pages={15770--15775},
  year={2006},
  publisher={National Acad Sciences}
}

@comment  describes scaffolding using alignment of contigs to consensus optical map
@comment  mentions multiple enzymes
@comment  mentions ConVEx tool for aligning contigs
@comment  also mentions gentig
@comment \bibitem[Aston, C. \textit{et al}., 1999]{Aston99}, Aston C, Mishra B, Schwartz DC. (1999) Optical mapping and its potential for large-scale sequencing projects, {\it Trends in Biotechnology}, {\bf Jul; 17(7)} 297-302.
@article{Aston99,
    author = {Aston, C. and Mishra, B. and Schwartz, D. C.},
    title = {Optical Mapping and its Potential for Large-scale Sequencing Projects},
    journal = {Trends Biotechnol.},
    year = "1999",
    pages = { 297-302},
    volume = {17},
    month = {Jul},
    number = 7,
}
    
    
    
    
@comment  describes optical consensus map assembly
@comment \bibitem[Anantharaman, T. S. \textit{et al}., 1998]{Anantharaman98} Anantharaman, T. S., Mishra, B. and Schwartz, D. C. (1998) Genomics via Optical Mapping III: Contiging Genomic DNA and Variations, {\it Courant Technical Report} {\bf 760}, Courant Institute, New York University, NY, USA.
@INPROCEEDINGS{Anantharaman98,
    author = {Thomas S. Anantharaman and Bud Mishra and David C. Schwartz},
    title = {{Genomics via Optical Mapping III: Contiging Genomic DNA and Variations}},
    booktitle = {Proc of ISMB},
    year = {1999},
    pages = {18--27}
}
    
@comment  commercial software
@comment \bibitem[Briska, unpublished]{Briska} Briska, A. A Software System for Validating and Orienting Sequence Contigs Using Optical Maps. {\it Opgen, Inc.} .
    
@comment  FM-Index
@comment \bibitem{Ferragina, P., Manzini, G. 2000}{FM-Index} Ferragina, P., Manzini, G. (2000) Opportunistic data structures with applications. {\it IEEE Computer Society} {\bf FOCS '00 Proceedings of the 41st Annual Symposium on Foundations of Computer Science}, 390.
@INPROCEEDINGS{FM-Index,
    author = {Paolo Ferragina and Giovanni Manzini},
    title = {Opportunistic Data Structures with Applications},
    booktitle = {FOCS '00 Proceedings of the 41st Annual Symposium on Foundations of Computer Science},
    year = {2000},
    pages = {390--398},
    publisher = {IEEE Computer Society}
}
    
@comment  SOMA paper
@comment \bibitem[Nagarajan,N. \textit{et al}., 2008]{Nagarajan08} Nagarajan,N. \textit{et al}. (2008) Scaffolding and validation of bacterial genome assemblies using optical restriction maps. {\it Bioinformatics}, {\bf 10}, 1229–1235.
@article {Nagarajan08,
    title = {Scaffolding and Validation of Bacterial Genome Assemblies Using Optical Restriction Maps},
    journal = {Bioinformatics},
    volume = {24},
    number = {10},
    year = {2008},
    pages = {1229{\textendash}1235},
    publisher = {Oxford Univ Press},
    author = {Nagarajan,N. and Read,T. D and Pop, M.}
}
    
@comment k-mismatch
@comment \bibitem[Navarro, G., 2001]{kmismatch} Navarro, G. (2001) A guided tour to approximate string matching. {\it ACM Comput. Surv.} {\bf March 2001} 31-88.
@ARTICLE{kmismatch,
    author = {Gonzalo Navarro},
    title = {A Guided Tour to Approximate String Matching},
    journal = {ACM Comput. Surv.},
    year = {1999},
    volume = {33},
    pages = {2001}
}
    
    
@comment  review paper explaining ORM technology
@comment \bibitem[Neely RK \textit{et al}., 2011]{Neely11} Neely RK, Deen J, Hofkens J. (2011) Optical mapping of DNA: single-molecule-based methods for mapping genomes {\it Biopolymers}  {\bf 2011 May;95(5):298-311}
@article{Neely11,
    author = {Neely, R. K. and Deen, J. and Hofkens, J.},
    journal = {Biopolymers},
    year = {2011},
    pages = {298-311},
    title = {Optical Mapping of {DNA}: single-molecule-based Methods for Mapping Genome},
    volume = {95},
    number = {5}
}
    
    
    
@comment  early application of optical restriction mapping method, improved upon previous method
@comment \bibitem[Samad A \textit{et al}., 1995]{Samad95} A Samad, E F Huff, W Cai, D C Schwartz. (1995) Optical mapping: a novel, single-molecule approach to genomic analysis. {\it Genome Res.} {\bf 1995 5: 1-4}
@article{Samad95,
    author = {Samad, A. and Huff, E. F. and Cai, W. and Schwartz, D. C.},
    citeulike-article-id = {519001},
    journal = {Genome Res.},
    keywords = {bibtex-import},
    pages = {1--4},
    posted-at = {2006-02-23 21:14:48},
    priority = {0},
    title = {{Optical Mapping: a Novel, Single-molecule Approach to Genomic Analysis}},
    volume = {5},
    year = {1995}
}
    
    
    
@comment  looks like first publication
@article{schwartz93,
    author = {Schwartz, D. C. and Li, X. and Hernandez, L. I. and Ramnarain, S. P. and Huff, E. J. and Wang, Y. K.},
    citeulike-article-id = {518998},
    journal = {Science},
    keywords = {bibtex-import},
    pages = {110--14},
    posted-at = {2006-02-23 21:14:48},
    priority = {0},
    title = {Ordered Restriction Maps of \emph{Saccharomyces Cerevisiae} Chromosomes Constructed by Optical Mapping.},
    volume = {262},
    year = {1993}
}
    
@inbook{
    ORMenc,
    title = {{Optical Mapping in Genomic Analysis}},
    author = {Aston, C. and Schwartz, D.C.},
    publisher = {John Wiley and Sons, Ltd},
    year = {2006}
}

@article{microfluidic,
  title={A Microfluidic System for Large {DNA} Molecule Arrays},
  author={Dimalanta, E.T. and Lim, A. and Runnheim, R. and Lamers, C. and Churas, C. and Forrest, D.K. and de Pablo, J.J. and Graham, M.D. and Coppersmith, S.N. and Goldstein, S. and Schwartz, D.C.},
  journal={Analytical Chemistry},
  volume={76},
  number={18},
  pages={5293--5301},
  year={2004}
}    
    
    Anal Chem. 2004 Sep 15;76(18):5293-301.
    
@comment  they use optical mapping, but also do placement
@comment  BACop
@comment    url = {http://dx.doi.org/10.1371%2Fjournal.pgen.1000711},
@comment   
@comment author = {Zhou, S. AND Wei, F. AND Nguyen, J. AND Bechner, M. AND Potamousis, K. AND Goldstein, S. AND Pape, L. AND Mehan, M.R. AND Churas, C. AND Pasternak, S. AND Forrest, D.K. AND Wise, R. AND Ware, D. AND Wing, R.A. AND Waterman, M.S. AND Livny, M. AND Schwartz, D.C.},
@article{Zhou09,
     author = {Zhou, S. and others},
     journal = {PLoS Genet.},
    publisher = {Public Library of Science},
    title = {A Single Molecule Scaffold for the Maize Genome},
    year = {2009},
   volume = {5},
    pages = {e1000711},
    number = {11}
}
    
@comment 
@article{RICE,
    title={Validation of Rice Genome Sequence by Optical Mapping},
    volume = {8},
    number={1},
    journal = {BMC Genomics},
   author={Zhou, S. and Bechner, M.C. and Place, M. and Churas, C.P. and Pape, L. and Leong, S.A. and Runnheim, R. and Forrest, D.K. and Goldstein, S. and Livny, M.},
      year={2007},
    pages={278}
}

    
@article{pinetree,
    author={A Zimin and others.},
    title={Sequencing and Assembly of the 22-Gb Loblolly Pine Genome},
    year={2014},
    volume=196,
    number={3},
    pages={875--890},
    journal = {Genetics}
}

@article{sarkar,
  title={Statistical significance of optical map alignments},
  author={Sarkar, D. and others},
  journal={J. Comp Bio},
  volume={19},
  number={5},
  pages={478--492},
  year={2012},
  publisher={Mary Ann Liebert, Inc. 140 Huguenot Street, 3rd Floor New Rochelle, NY 10801 USA}
}

%,  and Kwok, Tsz-Piu and Wan, Raymond and Xiao, Ming and Kwok, Pui-Yan and Yip, Kevin Y and Chan, Ting-Fung
@article{omblast,
  title={OMBlast: alignment tool for optical mapping using a seed-and-extend approach},
 
  author={Leung, Alden King-Yung and others},
  journal={Bioinformatics},
  pages={btw620},
  year={2016},
  publisher={Oxford Univ Press}
}

%Teo, Audrey SM and Hillmer, Axel M and Nagarajan, Niranjan
@article{optima,
  title={OPTIMA: Sensitive and accurate whole-genome alignment of error-prone genomic maps by combinatorial indexing and technology-agnostic statistical analysis},
  author={Verzotto, Davide and others},
  journal={GigaScience},
  volume={5},
  number={1},
  pages={2},
  year={2016},
  publisher={BioMed Central}
}

%Schwartz, David C and Pop, Mihai
@article{maligner,
  title={Maligner: a fast ordered restriction map aligner},
  author={Mendelowitz, L. M. and others},
  journal={Bioinformatics},
  volume={32},
  number={7},
  pages={1016--1022},
  year={2016},
  publisher={Oxford Univ Press}
}

