% Bibliography of key references for "LaTeX for Thesis and Large Documents"
% For use with BibTeX

@article{sanger,
	author={Sanger, F. and Nicklen, S. and Coulson, A.R.},
	title={{DNA} Sequencing with Chain-Terminating Inhibitors},
	journal={Proceedings of the National Academy of Sciences},
	volume=74,
	number=12,
	year=1977,
	page={5463--5467}}
	
	@INPROCEEDINGS{GGN,
    author = {Gramm, J. and Guo, J. and Niedermeier, R.},
    title = {On Exact and Approximation Algorithms for Distinguishing Substring Selection},
    booktitle = {Proceedings of the International Symposium on Fundamentals of Computation Theory ({FCT})},
    year = {2003},
    pages = {261--272}}
    
    
@article{GGN06,
	author={Gramm, J. and Guo, J. and Niedermeier, R.},
	title={Parameterized intractability of distinguishing substring selection},
	journal={Theoretical Computer Science}, 
	volume=39,
	number=4,
	pages={545--560}, 
	year=2006}


@article{barvinok,
	author={Barvinok, A.}, 
	title={Polynomial time algorithm for counting integral points in polyhedra when the dimension is fixed},
	journal={Mathematical Methods of Operations Research}, 
	volume=19,
	pages={769--779}, 
	year=1994} 

@inproceedings{boucher_omar,
	author={Boucher, C. and Omar, M.},
	title={On the Hardness of Counting and Sampling Center Strings},
	booktitle={Proceedings of Symposium on String Processing and Information Retrieval ({SPIRE})},
	year=2010,
	pages={128--135}}
	
@article{boucher_king,
	author={Boucher, C. and King, J.},
	title={Fast Motif Recognition via Application of Statistical Thresholds},
	journal={{BMC} Bioinformatics},
	year=2010,
	volume=11,
	number={S1}}

@inproceedings{boucher_ma,
	author={Boucher, C. and Ma, B.},
	title={{\sc Closest String With Outliers}},
	booktitle={Submitted to the Asia Pacific Bioinformatics Conference ({APBC})},
	year=2011}
	
@inproceedings{boucher2010_1,
	author={Boucher, C. and Wilkie, K.},
	title={Why Large {\sc Closest String} Instances Are Easy to Solve in Practice},
	booktitle={Proceedings of Symposium on String Processing and Information Retrieval {(SPIRE)}},
	year=2010,
	pages={107--118}}

}
@inproceedings{boucher08,
	author={Boucher, C. and Brown, D.G. and Durocher, S.},
	title={On the Structure of Small Motif Recognition Instances},
	booktitle={Proceedings of Symposium on String Processing and Information Retrieval ({SPIRE})},
	year=2008,
	pages={269--281}}

@book{dong,
	author={Dong, G. and Pei, J.},
	title={Sequence Data Mining}, 
	publisher={Springer},
	year=2007}
	
@article{downey, 
	author={Downey, R.K.},
	title={Brassica oil seed breeding -- achievements and opportunities},
	journal={Plant Breeding Abstracts},
	volume=60,
	number=10,
	pages={1165--1170}, 
	year=1990}
	
@article{KS02,
	author={Kaderali, L. and Schliep, A.},
	journal={Bioinformatics},
	Volume=18,
	number=10,
	year=2002,
	Pages={1340--1349},
	title={Selecting signature oligonucleotides to identify organisms using {DNA} arrays}}

@inproceedings{krause,
	author={Krause, A. and Kr\"{a}utner, M. and Meier, H.},
	title={Accurate Method for Fast Design of Diagnostic Oligonucleotide Probe Sets for {DNA} Microarrays},
	booktitle={Proceedings of the International Symposium on Parallel and Distributed Processing},
	pages={154--163},  
	Year=2003}
	
@book{barnes,
	author={Barnes, M.R.},
	title={Bioinformatics for Geneticists: A Bioinformatics Primer for the Analysis of Genetic Data, 2nd Edition},
	publisher={Wiley},
	year=2007}
	
@book{gusfield,
	author={Gusfield, D.},
	title={Algorithms on Strings, Trees, and Sequences: Computer Science and Computational Biology},
	publisher={Cambridge University Press},
	year=1997}
	
@article{johnson,
	author={Johnson, D.S.},
	title={Approximation algorithms for combinatorial problems},
	journal={journal of computer and system sciences},
	volume=9,
	pages={256--278},
	year=1974}
	
@phdthesis{asmith,
	author={Smith, A.},
	title={Common Approximate Substrings},
	school={University of New Brunswick},
	year={2004}
	}
@article{ballot_thm,
	author={Addario-Berry, L. and Reed, B.},
	title={Ballot theorems, old and new},
	journal={Bolyai Society Mathematical Studies}, 
	volume=17,
	year=2008}
@inproceedings{FGN,
	author={Fellows, M.R. and Gramm, J. and Neidermeier, R.},
	title={On the Parameterized Intractability of {\sc Closest Substring} and Related Problems},
	booktitle={Proceedings of Symposium on Theoretical Aspects of Computer Science ({STACS})},  
	pages={262--273}, 
	year=2002}

@article{vanHelden,
	author={van Helden, J. and Andre, B. and Collado-Vides, J.},
	title={Extracting regulatory sites from the upstream region of yeast genes by computational analysis of oligonucleotide frequencies},
	journal={journal of molecular biology},
	volume=281,	 
	pages={827–-842},
	year=1998}
	
@article{bussemaker,
	author={Bussemaker, H.J. and Li, H. and Siggia, E.D.},
	title={Building a dictionary for genomes: identification of presumptive regulatory sites by statistical analysis},
	journal={Proceedings of the National Academy of Sciences},
	volume=97,	
	year=2000,
	pages={10096–-10100}}
	
@inproceedings{vilo,
	author={Vilo, J. and Brazma, A. and Jonassen, I. and Robinson, A. and Ukkonen, E. },
	title={Mining for putative regulatory elements in the yeast genome using gene expression data},
	booktitle={Proceedings of  the International Conference on Intelligent Systems in Molecular Biology {(ISMB)}},
	pages={384–-394},
	year=2000}

@article{haeseleer,
	author={D'haeseleer, P.},
	title={What are {DNA} sequence motifs?},
	journal={Nature Biotechnology},
	number=24, 
	volume=4,
	pages={423-–425},
	year=2006} 

@article{monod,
	author={Jacob, F. and Monod, J.},
	title={Genetic regulatory mechanisms in the synthesis of proteins},
	journal={Journal of Molecular Biology},
	volume=3,
	number=3,
	year=1961,
	pages={318--356}
}
@inproceedings{ZZ,
	author={Zhao, R. and Zhang, N.},
	title={A more efficient closest string problem},
	booktitle={Proceedings of Bioinformatics and Computational Biology {(BICoB)}},
	pages={210--215},
	year=2010}

@inproceedings{CMW,
	author={Chen, Z.-Z. and Ma, B. and Wang, L.}, 
	title={A Three-String Approach to the Closest String problem},
	booktitle={Proceedings of the International Computing and Combinatorics Conference {(COCOON)} (to appear)},
	year=2010}

@inproceedings{amir,
	author={Amir, A. and Landau, G.M. and Na, J.C. and Park, H. and Park, K. and Sim, J.S. },
	title={Consensus Optimizing Both Distance Sum and Radius},
	year=2009,
	pages={234--242},
	booktitle={Proceedings of String Processing and Information Retrieval ({SPIRE}) }}
	
@inproceedings{cheng,
    author = {Cheng, C.H. and Huang, C.C. and Hu, S.Y. and Chao, K.-M.},
    title = {Efficient Algorithms for Some Variants of the Farthest String Problem},
    booktitle = {Proceedings of Workshop on Combinatorial Math and Computation Theory},
    year=2004,
    pages={266--272}}
}

@inproceedings{WZ,
	author={Wang, L. and Zhu, B.},
	title={Efficient Algorithms for the Closest String and Distinguishing String Selection Problems},
	booktitle={Proceedings of the International Workshop on Frontiers in Algorithmics ({FAW})},
	year=2009,
	pages={261--270}}

@inproceedings{DST02,
	author={Dunagan, J.D. and Spielman, D.A. and Teng, S-H.},
	title={Smoothed analysis of the renegar's condition number for linear programming},
	booktitle={Proceedings of {SIAM} Conference on Optimization ({SIOPT})},
	year=2002}

@inproceedings{GJL,
	author={G\c{a}sieniec, L. and Jansson, J. and Lingas, A.},
	title={Efficient approximation algorithms for the {H}amming center problem},
	booktitle={Proceedings of {ACM-SIAM} Symposium on Discrete Algorithms ({SODA})},
	pages={905--906},
	year=1999}
	
@inproceedings{ma00,
	author={Ma, B.},
	title={A polynomial time approximation scheme for the closest substring problem},
	booktitle={Proceedings of Combinatorial Pattern Matching ({CPM})},
	year=2000,
	pages={99--107}}
	
@inproceedings{sto,
	author={Stojanovic, N. and Berman, P. and Gumucio, D. and Hardison, R. and Miller, W.},
	title={A linear-time algorithm for the 1-mismatch problem},
	booktitle={Proceedings of Workshop on Algorithms and Data Structures ({WADS})},
	pages={126--135},
	year=1997}

@book{HMM,
	author={Hillis, E.M. and Moritz, C. and Mable, B.K.}, 
	title={Molecular Systematics},
	publisher={Sinauer Associates Inc.},
	year=1996}
	
@book{macario,
	author={Macario, A. and Macario, E.}, 
	title={Gene Probes for Bacteria},
	publisher={Academic Press},
	year=1990}
	
@book{crooke,
	author={Crooke, S. and Leblue, B.},
	title={Antisense research and applications},
	publisher={{CRC} Press},
	year=1993}
	
@inproceedings{marx,
	author={Marx, D},
	title={The closest substring problem with small distances}, 
	booktitle={Proceedings of Symposium on Foundations of Computer Science ({FOCS})}, 
	pages={63--72}, 
 	year=2005}

@article{ct,
	author={Cesati, M. and Trevisan, L.},
	title={On the efficiency of polynomial time approximation schemes},
	journal={Information Processing Letters},
	volume=64,  
	issue=4,
	pages={165--171},  
	year=1997}

@book{vazirani, 
	author={Vazirani, V.},
	title={Approximation Algorithms},
	publisher={Springer},
	year=2003}

@article{WAG84,
	author={Waterman, M. and Arratia, R. and Galas, E.},
	title={Pattern recognition in several sequences:consensus and alignment},
	journal={Bulletin of Mathimatical Biology},
	volume=46,
	year=1984,
	pages={515--527}}

@inproceedings{patternbranching,
	author={Rocke, E. and Tompa, M.},
	title={An algorithm for finding novel gapped motifs in {DNA} sequences},
	booktitle={Proceedings of Research on Computational Biology ({RECOMB})},
	pages={228-233},
	year=1998}

@inproceedings{pruner,
	author={Satya, R.V. and Mukherjee, A.},
	title={A new algorithm for finding monad patterns in {DNA} sequences},
	booktitle={Proceedings of Symposium on String Processing and Information Retrieval ({SPIRE})},
	year=2004,
	pages={273--285}}
	
@book{GJ,
	author={Garey, M.R. and  Johnson, D.S.},
	title={Computers and Intractability: A Guide to the Theory of {NP}-Completeness},
	publisher={W. H. Freeman},
	year=1979}
		
@inproceedings{AIP,
	author={Andoni, A. and Indyk, P. and Patrascu, M.},
	title={On the optimality of the dimensionality reduction method},
	booktitle={Proceedings of Symposium on Foundations of Computer Science ({FOCS})}, 
	pages={449--456},
	year=2006}

@inproceedings{AK,
	author={Andoni, A. and Krauthgamer, R.},
	title={The smoothed complexity of edit distance}, 
	booktitle={Proceedings of International Colloquium on Automata, Languages and Programming ({ICALP})}, 
	pages={357--369},
	year=2008}

@inproceedings{DDM03,
	author={Banderier, C. and Beier, R. and Mehlhorn, K.},
	title={Smoothed analysis of three combinatorial problems},
	booktitle={Proceedings of Symposium on Mathematical Foundations of Computer Science ({MFCS})}, 
	pages={198--207},
	year=2003}

@inproceedings{BLPR,
	author={Ben-Dor, A. and Lancia, G. and Perone, J. and Ravi, R.},
	title={Banishing bias from consensus strings},
	booktitle={Proceedings of Combinatorial Pattern Matching ({CPM})}, 
	pages={247--261},
	year=1997}

@inproceedings{BD02,
	author={Blum, A. and Dunagan, J.D.}, 
	title={Smoothed analysis of the perceptron algorithm for linear programming},
	booktitle={Proceedings of {ACM/SIAM} Symposium on Discrete Algorithms ({SODA})}, 
	pages={905--914},
	year=2002}

@inproceedings{brona1,
	author={Brejov\'{a}, B. and Brown, D.G. and Harrower, I. and L\'{o}pez-Ortiz, A. and Vina\u{r}, T.},
	title={Sharper upper and lower bounds for an approximation scheme for {\sc Consensus-Pattern}},
	booktitle={Proceedings of Combinatorial Pattern Matching ({CPM})}, 
	pages={1--10},
	year=2005}

@inproceedings{brona2,
	author={Brejov\'{a}, B. and Brown, D.G. and Harrower, I. and Vina\u{r}, T.},
	title={New bounds for motif finding in strong instances},
	booktitle={Proceedings of Combinatorial Pattern Matching ({CPM})}, 
	pages={94--105},
	year=2006}

@article{DLLM,
	author={Deng, X. and Li, G. and Li, Z. and Ma, B. and Wang, L.},
	title={Genetic design of drugs without side-effects},
	journal={{SIAM} Journal on Computing}, 
	volume=32,
	number=4,
	pages={1073--1090}, 
	year=2003}

@article{DRSS,
	author={Dopazo, J. and Rodr\'{i}guez, A. and S\'{a}iz, J.C. and Sobrino, F.}, 
	title={Design of primers for {PCR} amplification of highly variable genomes},
	journal={Computer Applications in the Biosciences}, 
	volume=9,
	pages={123--125}, 
	year=1993}

@book{DF99,
	author={Downey, R.G. and Fellows, M.R.},
	title={Parameterized Complexity}, 
	publisher={Springer}, 
	year=1999}

@article{LBOT,
	author={Lucas, K. and Busch, M. and \"{O}ssinger, S. and Thompson, J.A.},
	title={An improved microcomputer program for finding gene- and gene family-specific oligonucleotides suitable as primers for polymerase chain reactions or as probes},
	journal={ Computer Applications in the Biosciences}, 
	volume=7,
	pages={525--529}, 
	year=1991}

@inproceedings{Ma08,
	author={Ma, B.},
	title={Why greedy works for shortest common superstring problem},
	booktitle={Proceedings of Combinatorial Pattern Matching ({CPM})}, 
	pages={244--254},
	year=2008 
	}

@article{MTL,
	author={Ma, B. and Tromp, J. and Li, M.},
	title={{P}attern{H}unter: faster and more sensitive homology search},
	journal={Bioinformatics}, 
	volume=18,
	number=3,
	pages={440--445}, 
	year=2002}

@inproceedings{MS08,
	author={Ma, B. and Sun, X.},
	title={More efficient algorithms for closest string and substring problems},
	booktitle={Proceedings of Research on Computational Biology ({RECOMB})}, 
	pages={396--409},
	year=2008}

@article{MR05,
	author={Manthey, B. and Reischuk, R.},
	title={Smoothed analysis of binary search trees},
	journal={Theoretical Computer Science},
	volume=378,
	number=3,
	pages={292--315}, 
	year=2007}

@article{PH,
	author={Proutski, V. and Holme, E.C.},
	title={Primer master: A new program for the design and analyiss of {PCR} primers},
	journal={Computer Applications in the Biosciences}, 
	volume=12,
	pages={253--255}, 
	year=1996}

@inproceedings{ST01,
	author={Spielman, D.A. and Teng, S-H},
	title={Smoothed analysis of algorithms: why the simplex algorithm ususally takes polynomial time}, 
	booktitle={Proceedings of {ACM} Symposium on Theory of Computing ({STOC})}, 
	pages={296--3051},
	year=2001}

@inproceedings{LBL,
	author={Liu, X. and Brutlag, D.L. and Liu, J.S.},
	title={{BioProspector}: discovering conserved {DNA} motifs in upstream regulatory regions of co-expressed genes},
	booktitle={Proceedings of Asia Pacific Bioinformatics Conference ({APBC})},
	pages={127--138},
	year=2001} 

@article{RHEC,
	author={Roth, F.P. and Hughes, J.D. and Estep, P.W. and G.M. Church},
	title={Finding {DNA} regulatory motifs within unaligned noncoding sequences clustered by whole-genome {mRNA} quantitation}, 
	journal={Nature Biotechnology},
	volume=16,
	number=10,
	pages={939--945},
	year=1998}


@article{ST03,
	author={Sinha, S. and Tompa, M.},
	title={{YMF}: a program for discovery of novel transcription factor binding sites by statistical overrepresentation},
	journal={Nucleic Acids Research}, 
	year=2003, 
	volume=31, 
	number=13,
	pages={3586--3588}}
	
@inproceedings{ST00,
	author={Sinha, S. and Tompa, M.},
	title={A statistical method for finding transcription factor binding sites},
	booktitle={Proceedings of International Conference on Intelligent Systems for Molecular Biology ({ISMB})},
	volume=8,
	pages={344--354},
	year=2000}

@article{vHAC-V,
	author={van Helden, J. and Andre, B. and Collado-Vides, J.},
	title={Extracting regulatory sites from the upstream region of yeast genes by computational analysis of oligonucleotide frequencies},
	journal={Journal of Molecular Biology},
	year=1998,
	volume=281,
	number=5,
	pages={827-842}
}
@inproceedings{tompa99,
	author={Tompa, M.},
	title={An exact method for finding short motifs in sequences, with application to ribosome binding site problem},
	booktitle={Proceedings of International Conference on Intelligent Systems for Molecular Biology ({ISMB})},
	year=1999,
	pages={262--271}}

@article{staden,
	author={Staden, R.},
	title={Methods for discovering novel motifs in nucleic acid sequences},
	journal={Computer Applications in the Biosciences},
	volume=5,
	number=4,
	year=1989,
	pages={262--271}}

@TECHREPORT{FR98,
   author ={Floratos, A. and Rigoutsos, I.},
   title = {On the time complexity of the {TEIRESIAS} algorithm},
   institution = {{IBM T.J. Watson Research Center}},
   number={Research Report {RC} 21161},
   year = 1998}

@article{BJVU98,
	author={Brazma, A. and Jonassen, I. and Vilo, J. and Ukkonen, E.},
	title={Predicting gene regulatory elements in silico on a genomic scale},
	journal={Genome Research},
	volume=15,
	pages={1202--1215},
	year=1998}

@article{GEW85,
	author={Galas, D.J. and Eggert, M. and Waterman, M.S.},
	title={Rigorous pattern-recognition methods for {DNA} sequences. Analysis of promoter sequences from {E}scherichia coli},
	journal={Journal of Molecular Biology},
	year=1985,
	volume=186,
	number=1,
	pages={117--128}}
	
@article{m83,
	author={Martinez, H.M.},
	title={An efficient method for finding repeats in molecular sequences},
	journal={Nucleic Acids Research},
	volume=11,
	number=13,
	pages={4629--4634},
	year=1983}
	
@Inproceedings{AK02,
	author={Adebiyi, E.F. and Kaufmann, M},
	title={Extracting common motifs under the Levenshtein measure: theory and experimentation},
	booktitle={Proceedings of Workshop on Algorithms in Biology ({WABI})},
	pages={140--156},
	year=2002}

@Inproceedings{MF98,
	author={Sagot, M.F.},
	title={Spelling Approximate Repeated or Common Motifs Using a Suffix Tree},
	booktitle={Proceedings of Latin American Theoretical Informatics Symposium ({LATIN})},
	pages={374--390},
	year=1998}
		
@article{BB05,
	author={Bilu, Y and Barkai, N.},
	title={The design of transcription-factor binding sites is affected by combinatorial regulation},
	journal={Genome Biology},
	volume=6,
	number=12,
	pages={R103},
	year=2005}

@article{crick,
	author={Crick, F.},
	title={Central Dogma of Molecular Biology},
	journal={Nature},
	volume=227,
	pages={561--563},
	year=1970}
	
	@article{LABLNW,
	author={Lawerence, C.E. and Altschul, S.F. and Boguski, M.S. and Liu, J.S. and Neuwald, A.F. and Wootton, J.C.},
	title={Detecting subtle sequence signals: a {G}ibbs sampling strategy for multiple alignment},
	journal={Science},
	volume=262,
	pages={208--214},
	year=1993
	}

 
@article{BJR06,
	author={Bollobas, B. and Janson, S. and Riordan, O.},
	title={The phase transition in inhomogeneous random graphs},
	journal={Random Structures and Algorithms}, 
	volume=31,
	number=1,
	pages={3--122}, 
	year=2007}
	
@Inproceedings{pap91,
	author={Papadimitriou, C.H.},
	title={On selecting a satisfying truth assignment},
	booktitle={Proceedings of Foundation of Computer Science ({FOCS})}, 
	pages={163--169},
	year=1991}

@article{Pav01,
	author={Pavesi, G. and Mauri, G. and Pesole, G.}, 
	title={An algorithm for finding signals of unknown length in {DNA} sequences},
	journal={Bioinformatics}, 
	volume=17,
	pages={S207--S214}, 
	year=2001}
	
@Inproceedings{Sch99,
	author={Sch\"{o}ning, U.},
	title={A probabilistic algorithm for $k$-{\sc SAT} and constraint satisfaction problems},
	booktitle={Proceedings of Foundation of Computer Science ({FOCS})}, 
	pages={410--414},
	year=1999}
	
@article{CHLS97,
	author={Cohen, G. and Honkala, I. and Litsyn, S. and  Sole, P.},
	title={Long packing and covering codes},
	journal={{IEEE} Transactions on Information Theory}, 
	volume=43,
	number=5,
 	pages={1617--1619}, 
 	year=1997}
 	
@article{FGN06,
	author={Fellows, M. and Gramm, J. and Niedermeier, R.},
	title={On the parameterized intractability of motif search problems},
	journal={Combinatorica},
	volume=26,
	number=2,
	pages={141--167},  
	year=2006}
	 
@article{GS85,
	author={Graham, R.L. and Sloane, N.J.A.},
	title={On the covering radius of codes},
	journal={{IEEE} Transactions on Information Theory}, 
	volume=31,
	pages={385--401}, 
	year=1985}

@Inproceedings{GNR01,
	author={Gramm, J. and Niedermeier, R. and  Rossmanith, P.},
	title={Exact solutions for {\sc Closest String} and related problems},
	booktitle={Proceedings of  International Symposium on Algorithms and Computation ({ISAAC})}, 
	pages={441--453},
	year=2001}

@article{GNR03,
	author={Gramm, J. and Niedermeier, R. and  Rossmanith, P}, 
	title={Fixed-parameter algorithms for closest string and related problems},
	journal={Algorithmica}, 
	volume=37,
	number=1,
	pages={25--42}, 
	year=2003}

@article{LLMWZ00,
	author={Lanctot, J.K. and Li, M. and Ma, B. and Wang, S. and Zhang, L.},
	title={Distinguishing string selection problems},
	journal={Information and Computation}, 
	pages={41--55}, 
	year=2003}
	
@Inproceedings{LLMWZ00_v1,
	author={Lanctot, J.K. and Li, M. and Ma, B. and Wang, S. and Zhang, L.},
	title={Distinguishing string selection problems},
	booktitle={Proceedings of {ACM-SIAM} Symposium on Discrete Algorithms ({SODA})}, 
	pages={633--642}, 
	year=1999}
	
	
@article{Len,
	author={Lenstra, W.H.},
	title={Integer programming with a fixed number of variables},
	journal={Mathematics of Operations Research}, 
	volume=8,
	pages={538--548}, 
	year=1983}

@Inproceedings{BE95,
	author    = {Bailey, T.L. and Elkan, C.}, 
	title     = {The value of prior knowledge in discovering motifs with {MEME}},
	booktitle = {Proceedings of International Conference on Intelligent Systems in Biology ({ISMB})},
	year      = 1995,
	pages     = {21--29},
}


@article{pwm_reference,
author = {Ben-Gal, I. and Shani, A. and Gohr, A. and Grau, A. and Grau, J. and Arviv, S. and Shmilovici, A. and Posch, S. and Grosse, I.},
title = {Identification of transcription factor binding sites with variable-order {B}ayesian networks},
journal = {Bioinformatics},
volume = 21,
number = 11,
pages = {2657--2666},
year = 2005,
}

@article{PRP,
	author={Price, A. and Ramabhadran, S. and Pevzner, P.A.},
	title={Finding subtle motifs by branching from sample strings},
	journal={Bioinformatics},
	year=2003,
	volume=19,
	number={S2},
	pages={149--155}
}

@InProceedings{boucher07,
  author = 	 {Boucher, C. and Church, P. and Brown, D.},
  title = 	 {A graph clustering approach to weak motif recognition},
  booktitle = {Proceedings of Workshop on Algorithms in Biology ({WABI})},
  pages = 	 {149--160},
  year = 	 2007,
}


@Article{BT02,
  author = 	 {Buhler, J. and Tompa, M.},
  title = 	 {Finding motifs using random projections},
  journal = 	 {Journal of Computational Biology},
  year = 	 {2002},
  OPTkey = 	 {},
  OPTvolume = 	 {9},
  OPTnumber = 	 {2},
  OPTpages = 	 {225--242},
  OPTmonth = 	 {},
  OPTnote = 	 {},
  OPTannote = 	 {}
}


@InProceedings{CL05,
  author = 	 {Chin, Francis Y. L. and Leung, C. M.},
  title = 	 {Voting algorithms for discovering long motifs},
  booktitle = {Proceedings of Asia-Pacific Bioinformatics Conference ({APBC})},
  pages = 	 {261--271},
  year = 	 2005}


@InProceedings{CL06,
  author = 	 {Chin, Francis Y. L. and Leung, C. M. },
  title = 	 {An efficient algorithm for string motif discovery},
  booktitle = {Proceedings of Asia-Pacific Bioinformatics Conference ({APBC})},
  pages = 	 {79--88},
  year = 	 2006}


@Article{JBR07,
  author = 	 {Davila, J. and Balla, S. and Rajasekaran, S.},
  title = 	 {Fast and practical algorithms for planted $(l, d)$ motif search},
  journal = 	 {{IEEE/ACM} Transactions on Computational Biology and Bioinformatics},
  year = 	 2007,
  volume = 	 4,
  number = 	 4,
  pages = 	 {544--552}}


@Article{EP02,
  author = 	 {Eskin, E. and Pevzner, P.A.},
  title = 	 {Finding composite regulatory patterns in {DNA} strings},
  journal = 	 {Bioinformatics},
  year = 	 2002,
  volume = 	 18,
  number = 	 1,
  pages = 	 {354--363}}


@Article{ESW03,
  author = 	 {Evans, P. A. and Smith, A. and Wareham, H. T.},
  title = 	 {On the complexity of finding common approximate substrings},
  journal = 	 {Theoretical Computer Science},
  year = 	 2003,
  volume = 	 306,
  number = 	 {1--3},
  pages = 	 {407--430}}


@InProceedings{FWW07,
  author = 	 {Feng, W. S. and Wang, Z. and Wang, L.},
  title = 	 {Identification of distinguishing motifs},
  booktitle =    {Proceedings of Combinatorial Pattern Matching ({CPM})},
  pages = 	 {253--264},
  year = 	 2007}


@Article{FL97,
  author = 	 {Frances, M. and  Litman, A.},
  title = 	 {On covering problems of codes},
  journal = 	 {Theoretical Computer Science},
  year = 	 1997,
  volume = 	 30,
  number = 	 2,
  pages = 	 {113--119}}


@Article{LMW02,
  author = 	 {Li, M. and Ma, B. and Wang, L.},
  title = 	 {Finding similar regions in many strings},
  journal = 	 {Journal of Computer and System Sciences},
  year = 	 2002,
  volume = 	 65,
  number = 	 1,
  pages = 	 {73--96}}


@Article{PMMP04,
  author = 	 {Pavesi, G. and Mereghetti, P. and Mauri, G. and Pesole, G.},
  title = 	 {{Weeder Web}: discovery of transcription factor binding sites in a set of sequences from co-regulated genes},
  journal = 	 {Nucleic Acids Research},
  year = 	 2004,
  volume = 	 32,
  number = 	 {W},
  pages = 	 {199--203}}


@InProceedings{PS00,
  author = 	 {Pevzner, P. and Sze, S. },
  title = 	 {Combinatorial approaches to finding subtle signals in {DNA} strings},
  booktitle = {Proceedings of International Conference on Intelligent Systems in Biology ({ISMB})},
  pages = 	 {269--278},
  year = 	 2000}


@InProceedings{PCMS06,
  author = 	 {Pisanti, N. and Carvalho, A.M. and Marsan, L. and  Sagot, M-F.},
  title = 	 {{RISOTTO}: Fast extraction of motifs with mismatches},
  booktitle = {Proceedings of Latin American Theoretical Informatics Symposium ({LATIN})},
  pages = 	 {757--768},
  year = 	 2006}


@Article{RBH05,
  author = 	 {Rajasekaran, S. and Balla, S. and Huang, C. H.},
  title = 	 {Exact algorithms for planted motif problems},
  journal = 	 {Journal of Computational Biology},
  year = 	 2005,
  volume = 	 12,
  number = 	 8,
  pages = 	 {1117--1128}}


@Article{randall,
  author = 	 {Randall, D.},
  title = 	 {Rapidly mixing {M}arkov chains with applications in computer science and physics},
  journal = 	 {{IEEE} Computing in Science and Engineering},
  year = 	 2006,
  volume = 	 8,
  number = 	 2,
  pages = 	 {30--41}}


@InProceedings{CHKX04,
	author={Chen, J. and Huang, X. and Kanj, I.A. and Xia, G.},
	title={Linear {FPT} reductions and computational lower bounds},
	booktitle={Proceedings of {ACM} Symposium on Theory of Computing ({STOC})},
	pages={212--221},
	year=2004}


@InProceedings{SLC04,
  author = 	 {Sze, S. and Lu, S. and Chen, J.},
  title = 	 {Integrating sample-driven and patter-driven approaches in motif finding},
  booktitle = {Proceedings of Workshop on Algorithms in Biology ({WABI})},
  pages = 	 {438--449},
  year = 	 2004}

@article{HS,
	author={Hertz, G.H. and Stormo,  G.D.},
	title={Identifying {DNA} and protein patterns with statistically significant alignments of multiple sequences},
	journal={Bioinformatics},
	volume=15,
	year=1999,
	pages={563--577}}
	
@article{HHS90,
	author={Hertz, G.H. and Hartzell, G.W. 3rd and Stormo,  G.D.},
	title={Identification of consensus patterns in unaligned {DNA} sequences known to be functionally related},
	journal={Computer Applications in the Biosciences},
	volume=6,
	number=2,
	pages={81--92},
	year=1990}

%liang
@article{LSB04,
	author={Liang, S. and Samanta, M.P. and Biegel, B.A.},
	title={c{WINNOWER} algorithm for finding fuzzy {DNA} motifs},
	journal={Journal of Bioinformatics and Computational Biology},
	volume=2,
	number=1,
	year=2004,
	pages={47--60}
}

@article{LBL02,
	author={Liu, X.S. and Brutlag, D.L. and Liu, J.S.},
	title={An algorithm for finding protein-{DNA} binding sites with applications to chromatin-immunoprecipitation microarray experiments},
	journal={Nature Biotechnology},
	volume=20,
	number=8,
	year=2002,
	pages={835--839}
}
@BOOK{MR95,
           author={Motwani, R. and Raghavan, R.},
           title={Randomized Algorithms},
           publisher={Cambridge University Press},
           year={1995}}
           

@PhdThesis{N02,
  author = 	 {Niedermeier, R.},
  title = 	 {Invitation to fixed-parameter algorithms},
  school = 	 {Universit\"{a}t T\"{u}bingent},
  year = 	 2002}


@article{SJ04,
	author = {Styczynski, M.P. and Jensen, K.L.},
	title={An extension and novel solution to the $(1,d)$-motif challenge problem},
	journal={Genome Informatics},
  	volume=15,
  	number=2,
  	pages={63--71},
  	year=2004,
}
@article{YR04,
	author = {Yang, X. and Rajapakse, J.},
	title={Graphical approach to weak motif recognition},
	journal={Genome Informatics},
	volume=15,
  	number=2,
  	pages={52--62},
  	year=2004}


@article{tompa,
  title={{Assessing computational tools for the discovery of transcription factor binding sites}},
  author={Tompa, M. and Li, N. and Bailey, T. L. and Church, G. M. and De Moor, B. and Eskin, E. and Favorov, A. V. and Frith, M. C. and Fu, Y. and Kent, W. J. and others},
  journal={Nature Biotechnology},
  volume=23,
  number=1,
  pages={137--144},
  year=2005,
}


@PhdThesis{vD00,
  author = 	 {van Dongen, S.},
  title = 	 {Graph clustering by flow simulation},
  school = 	 {University of Utrecht},
  year = 	 2000,
  month = 	 {May}}


@Article{WDKK96,
  author = 	 {Wingender, E. and Dietze, P. and Karas, H. and Kn\"{u}ppel, R.},
  title = 	 {{TRANSFAC}: a database on transcription factors and their {DNA} binding sites},
  journal = 	 {Nucleic Acids Research},
  year = 	 1996,
  volume = 	 24,
  number = 	 1,
  pages = 	 {238--241}}
