% This file was created with JabRef 2.7.
% Encoding: UTF8

@ARTICLE{Abouelhoda2004,
  author = {Mohamed Ibrahim Abouelhoda and Stefan Kurtz and Enno Ohlebusch},
  title = {Replacing suffix trees with enhanced suffix arrays},
  journal = {Journal of Discrete Algorithms},
  year = {2004},
  volume = {2},
  pages = {53-86},
  number = {1},
  comment = {Enhanced Suffix Array: loppuosapuun simulointi loppuosataulukon, LCP:n
	yms avulla samassa ajassa mutta pienemmässä tilassa.},
  doi = {10.1016/S1570-8667(03)00065-0},
  file = {Abouelhoda2004.pdf:jltsiren/Abouelhoda2004.pdf:PDF},
  keywords = {suffix array, suffix tree, repeat analysis, genome comparison, pattern
	matching},
  owner = {jltsiren},
  timestamp = {2009.04.30}
}

@INPROCEEDINGS{Barbay2010,
  author = {Jérémy Barbay and Travis Gagie and Gonzalo Navarro and Yakov Nekrich},
  title = {Alphabet Partitioning for Compressed Rank/Select and Applications},
  booktitle = {Proceedings of the 21st International Symposium on Algorithms and
	Computation, Part II (ISAAC 2010)},
  year = {2010},
  volume = {6507},
  series = {LNCS},
  pages = {315-326},
  publisher = {Springer},
  comment = {Rank/select merkkijonoille. Teoreettinen. Tilavaativuudessa myös alemman
	asteen termit ovat suhteessa tiivistettyyn kokoon.},
  doi = {10.1007/978-3-642-17514-5_27},
  file = {Barbay2010.pdf:jltsiren/Barbay2010.pdf:PDF},
  owner = {jltsiren},
  timestamp = {2011.01.10}
}

@INPROCEEDINGS{Bauer2011,
  author = {Bauer, Markus J. and Cox, Anthony J. and Rosone, Giovanna},
  title = {Lightweight {BWT} Construction for Very Large String Collections},
  booktitle = {Proceedings of the 22nd Annual Symposium on Combinatorial Pattern
	Matching (CPM 2011)},
  year = {2011},
  volume = {6661},
  series = {LNCS},
  publisher = {Springer},
  comment = {BWT toissijaisessa muistissa suurelle kokoelmalle lyhyitä tekstejä.
	Vähän niin kuin oma CSA-konstruktio, mutta tekstien pituus määrittää
	askeleiden määrän. Nopea.},
  doi = {10.1007/978-3-642-21458-5_20},
  file = {Bauer2011.pdf:jltsiren/Bauer2011.pdf:PDF},
  keywords = {BWT, text indexes, next-generation sequencing},
  owner = {jltsiren},
  timestamp = {2011.10.07}
}

@INPROCEEDINGS{Beller2011,
  author = {Timo Beller and Simon Gog and Enno Ohlebusch and Thomas Schnattinger},
  title = {Computing the Longest Common Prefix Array Based on the {B}urrows-{W}heeler
	Transform},
  booktitle = {Proceedings of the 18th Symposium on String Processing and Information
	Retrieval (SPIRE 2011)},
  year = {2011},
  volume = {7024},
  series = {LNCS},
  pages = {197-208},
  publisher = {Springer},
  comment = {LCP-taulukon muodostaminen BWT:n perusteella. Vaatii 2.2n tavua muistia;
	aikavaativuus n log n tai \sigma n. Yksinkertainen takaperinhakuun
	perustuva idea, mutta tilatehokkuus vaatii nysvää.},
  doi = {10.1007/978-3-642-24583-1_20},
  file = {Beller2011.pdf:jltsiren/Beller2011.pdf:PDF},
  owner = {jltsiren},
  timestamp = {2011.10.08}
}

@INPROCEEDINGS{Brisaboa2009,
  author = {Nieves R. Brisaboa and Susana Ladra and Gonzalo Navarro},
  title = {Directly Adressable Variable-Length Codes},
  booktitle = {Proceedings of the 16th Symposium on String Processing and Information
	Retrieval (SPIRE 2009)},
  year = {2009},
  volume = {5721},
  series = {LNCS},
  pages = {122-130},
  publisher = {Springer},
  comment = {Nopeasti purettava koodaus (vrt. delta- ja gamma-koodit), joka tarjoaa
	usein hyvin kilpailukykyisen aika-/tila-kompromissin. Mielenkiintoinen
	idea.},
  doi = {10.1007/978-3-642-03784-9_12},
  file = {Brisaboa2009.pdf:jltsiren/Brisaboa2009.pdf:PDF},
  owner = {jltsiren},
  timestamp = {2009.08.29}
}

@TECHREPORT{Burrows1994,
  author = {Burrows, Michael and Wheeler, David J.},
  title = {A block sorting lossless data compression algorithm},
  institution = {Digital Equipment Corporation},
  year = {1994},
  number = {124},
  comment = {Burrows-Wheeler-muunnos esitetään täällä.},
  file = {Burrows1994.pdf:jltsiren/Burrows1994.pdf:PDF},
  owner = {jltsiren},
  timestamp = {2009.04.29},
  url = {http://www.hpl.hp.com/techreports/Compaq-DEC/SRC-RR-124.html}
}

@ARTICLE{Chan2007,
  author = {Ho-Leung Chan and Wing-Kai Hon and Tak-Wah Lam and Kunihiko Sadakane},
  title = {Compressed indexes for dynamic text collections},
  journal = {ACM Transactions on Algorithms},
  year = {2007},
  volume = {3},
  pages = {21},
  number = {2},
  comment = {Dynaaminen Psi ja FM-indeksi sekä muuta sälää. Olennaisesti sama Psi
	kuin dynaaminen RLCSA. Olettaa aakkoston koon vakioksi. Aikavaativuuksissa
	kertoimena aakkoston koko.},
  doi = {10.1145/1240233.1240244},
  file = {Chan2007.pdf:jltsiren/Chan2007.pdf:PDF},
  keywords = {compressed suffix tree, string matching},
  owner = {jltsiren},
  timestamp = {2008.03.31}
}

@INPROCEEDINGS{Clark1996,
  author = {David R. Clark and J. Ian Munro},
  title = {Efficient Suffix Trees on Secondary Storage (extended abstract)},
  booktitle = {Proceedings of the seventh annual ACM-SIAM symposium on Discrete
	algorithms (SODA 1996)},
  year = {1996},
  pages = {383-391},
  publisher = {SIAM},
  doi = {10.1145/313852.314087},
  file = {Clark1996.pdf:jltsiren/Clark1996.pdf:PDF},
  owner = {jltsiren},
  timestamp = {2011.09.20}
}

@INPROCEEDINGS{Claude2010,
  author = {Claude, Francisco and Fariña, Antonio and Martínez-Prieto, Miguel
	and Navarro, Gonzalo},
  title = {Compressed q-Gram Indexing for Highly Repetitive Biological Sequences},
  booktitle = {Proceedings of the 10th IEEE International Conference on Bioinformatics
	and Bioengineering (BIBE 2010)},
  year = {2010},
  pages = {86-91},
  publisher = {IEEE},
  comment = {Re-Pairilla tiivistetty q-gram-indeksi vahvasti toisteisille DNA-kokoelmille.
	Toinen vastaava indeksi, joka käyttää Re-Pairille sovitettua straight-line-itseindeksiä
	(Claude2009). Edellinen voittaa RLCSA:n locatessa lyhyillä hahmoilla,
	jälkimmäinenkin jos kokoelma on todella vahvasti toisteinen.},
  doi = {10.1109/BIBE.2010.22},
  file = {Claude2010.pdf:jltsiren/Claude2010.pdf:PDF},
  owner = {jltsiren},
  timestamp = {2010.08.24}
}

@INPROCEEDINGS{Claude2009,
  author = {Claude, Francisco and Navarro, Gonzalo},
  title = {Self-Indexed Text Compression using Straight-Line Programs},
  booktitle = {Proceedings of the 34th International Symposium on Mathematical Foundations
	of Computer Science (MFCS 2009)},
  year = {2009},
  volume = {5734},
  series = {LNCS},
  pages = {235-246},
  publisher = {Springer},
  comment = {Sanakirjapohjainen itseindeksi. Straight-line program tarkoittaa Chomskyn
	normaalimuotoa kielelle, johon kuuluu vain yksi merkkijono. Claude2010
	sisältää testituloksia.},
  doi = {10.1007/978-3-642-03816-7_21},
  file = {Claude2009.pdf:jltsiren/Claude2009.pdf:PDF},
  owner = {jltsiren},
  timestamp = {2010.08.27}
}

@INPROCEEDINGS{Claude2008,
  author = {Claude, Francisco and Navarro, Gonzalo},
  title = {Practical Rank/Select Queries over Arbitrary Sequences},
  booktitle = {Proceedings of the 15th International Symposium on String Processing
	and Information Retrieval (SPIRE 2008)},
  year = {2008},
  volume = {5280},
  series = {LNCS},
  pages = {176-187},
  publisher = {Springer},
  comment = {Rank/select käytännössä eri kokoisilla aakkostoilla. Sovellukset itseindekseihin.
	Implisiittinen compression boosting.},
  doi = {10.1007/978-3-540-89097-3_18},
  file = {Claude2008.pdf:jltsiren/Claude2008.pdf:PDF},
  owner = {jltsiren},
  timestamp = {2010.09.16}
}

@INPROCEEDINGS{Canovas2010,
  author = {Rodrigo Cánovas and Gonzalo Navarro},
  title = {Practical Compressed Suffix Trees},
  booktitle = {Proceedings of the 9th International Symposium on Experimental Algorithms
	(SEA 2010)},
  year = {2010},
  volume = {6049},
  series = {LNCS},
  pages = {94-105},
  publisher = {Springer},
  comment = {Tiivistetyt loppuosapuut käytännössä. Olennaisesti versio Fischer2009a:sta
	toteutettuna. Testattu erilaisia LCP-esitystapoja.},
  doi = {10.1007/978-3-642-13193-6_9},
  file = {Canovas2010.pdf:jltsiren/Canovas2010.pdf:PDF},
  owner = {jltsiren},
  timestamp = {2010.03.10}
}

@ARTICLE{Dementiev2008a,
  author = {Dementiev, Roman and Kärkkäinen, Juha and Mehnert, Jens and Sanders,
	Peter},
  title = {Better external memory suffix array construction},
  journal = {Journal of Experimental Algorithmics},
  year = {2008},
  volume = {12},
  pages = {article 3.4},
  comment = {Tehokas algoritmi loppuosataulukon muodostamiseen toissijaisessa muistissa.
	Toteutus löytyy.},
  doi = {10.1145/1227161.1402296},
  file = {Dementiev2008a.pdf:jltsiren/Dementiev2008a.pdf:PDF},
  keywords = {algorithm engineering, algorithms for strings, external memory, I/O-efficient,
	large data sets, secondary memory, suffix array},
  owner = {jltsiren},
  timestamp = {2007.09.10}
}

@ARTICLE{Elias1975,
  author = {Elias, Peter},
  title = {Universal Codeword Sets and Representations of the Integers},
  journal = {IEEE Transactions on Information Theory},
  year = {1975},
  volume = {21},
  pages = {194-203},
  number = {2},
  comment = {Delta- ja gamma-koodit.},
  file = {Elias1975.pdf:jltsiren/Elias1975.pdf:PDF},
  owner = {jltsiren},
  timestamp = {2009.05.03},
  url = {http://ieeexplore.ieee.org/xpls/abs_all.jsp?arnumber=1055349}
}

@ARTICLE{Ferragina2012,
  author = {Paolo Ferragina and Travis Gagie and Giovanni Manzini},
  title = {Lightweight Data Indexing and Compression in External Memory},
  journal = {Algorithmica},
  year = {2012},
  volume = {63},
  pages = {707-730},
  number = {3},
  comment = {Ferragina2010:n täysi versio.},
  doi = {10.1007/s00453-011-9535-0},
  file = {Ferragina2012.pdf:jltsiren/Ferragina2012.pdf:PDF},
  keywords = {Burrows-Wheeler transform, compressed indexes, data compression, space-efficient
	algorithms, external memory scan-based algorithms},
  owner = {jltsiren},
  timestamp = {2012.05.21}
}

@INPROCEEDINGS{Ferragina2010,
  author = {Ferragina, Paolo and Gagie, Travis and Manzini, Giovanni},
  title = {Lightweight Data Indexing and Compression in External Memory},
  booktitle = {Proceedings of the 9th Latin American Theoretical Informatics Symposium
	(LATIN 2010)},
  year = {2010},
  volume = {6034},
  series = {LNCS},
  pages = {697-710},
  publisher = {Springer},
  comment = {Algoritmeja ja alarajoja stream-mallissa loppuosataulukon yms rakentamiselle.
	Olennaisesti lomitukseen perustuvia algoritmeja. BWT voidaan pitää
	tiivistettynä levyllä. Ferragina2008:n uudempi versio.},
  doi = {10.1007/978-3-642-12200-2_60},
  file = {Ferragina2010.pdf:jltsiren/Ferragina2010.pdf:PDF},
  owner = {jltsiren},
  timestamp = {2009.10.03}
}

@INPROCEEDINGS{Ferragina2006,
  author = {Ferragina, Paolo and Giancarlo, Raffaele and Manzini, Giovanni},
  title = {The myriad virtues of wavelet trees},
  booktitle = {Proceedings of the 33rd International Colloquium on Automata, Languages
	and Programming (ICALP 2006), Part I},
  year = {2006},
  volume = {4051},
  series = {LNCS},
  pages = {560-571},
  publisher = {Springer},
  comment = {Entropiaraja wavelet-puille bwt:n päällä.},
  doi = {10.1007/11786986},
  file = {Ferragina2006.pdf:jltsiren/Ferragina2006.pdf:PDF},
  owner = {jltsiren},
  timestamp = {2007.12.11}
}

@INPROCEEDINGS{Ferragina2006a,
  author = {Paolo Ferragina and Raffaele Giancarlo and Giovanni Manzini},
  title = {The engineering of a compression boosting library: theory vs practice
	in {BWT} compression},
  booktitle = {Proceedings of the 14th Annual European Symposium on Algorithms (ESA
	2006)},
  year = {2006},
  volume = {4168},
  series = {LNCS},
  pages = {756-767},
  publisher = {Springer},
  comment = {Compression boosting käytännössä. BWT-pohjaisten tiivistämismenetelmien
	vertailua. Teoreettinen osuus on Ferragina2005.},
  doi = {10.1007/11841036_67},
  file = {Ferragina2006a.pdf:jltsiren/Ferragina2006a.pdf:PDF},
  owner = {jltsiren},
  timestamp = {2009.09.17}
}

@ARTICLE{Ferragina2005,
  author = {Ferragina, Paolo and Giancarlo, Raffaele and Manzini, Giovanni and
	Sciortino, Marinella},
  title = {Boosting textual compression in optimal linear time},
  journal = {Journal of the ACM},
  year = {2005},
  volume = {52},
  pages = {688-713},
  number = {4},
  booktitle = {Proceedings of the fifteenth annual ACM-SIAM symposium on {D}iscrete
	algorithms (SODA 2004)},
  comment = {Compression boosting. Teoreettista analyysia BWT:stä, kun jaetaan
	se optimaalisella tavalla osiin ja koodataan kukin erillisellä kertaluvun
	0 koodilla. Soveltava osuus on Ferragina2006a.},
  doi = {10.1145/1082036.1082043},
  file = {Ferragina2005.pdf:jltsiren/Ferragina2005.pdf:PDF},
  keywords = {arithmetic coding, Burrows-Wheeler transform, empirical entropy, Huffman
	coding, Lempel-Ziv compressors, suffix tree, text compression},
  owner = {jltsiren},
  publisher = {Society for Industrial and Applied Mathematics},
  timestamp = {2007.12.11}
}

@ARTICLE{Ferragina2009a,
  author = {Ferragina, Paolo and González, Rodrigo and Navarro, Gonzalo and Venturini,
	Rossano},
  title = {Compressed text indexes: From theory to practice},
  journal = {Journal of Experimental Algorithms},
  year = {2009},
  volume = {13},
  pages = {article 1.12},
  comment = {Itseindeksit käytännössä: Pizza & Chili Corpus.},
  doi = {http://doi.acm.org/10.1145/1412228.1455268},
  file = {Ferragina2009a.pdf:jltsiren/Ferragina2009a.pdf:PDF},
  keywords = {text indexing, text compression, data structures, data storage representation,
	coding and information theory, indexing methods, textual databases,
	bioinformatics databases},
  owner = {jltsiren},
  timestamp = {2009.02.03}
}

@ARTICLE{Ferragina2009b,
  author = {Ferragina, Paolo and Luccio, Fabrizio and Manzini, Giovanni and Muthukrishnan,
	S.},
  title = {Compressing and indexing labeled trees, with applications},
  journal = {Journal of the ACM},
  year = {2009},
  volume = {57},
  pages = {article 4},
  number = {1},
  comment = {BWT:n yleistäminen puille ja siihen perustuvat itseindeksit (XBW).},
  doi = {10.1145/1613676.1613680},
  file = {Ferragina2009b.pdf:jltsiren/Ferragina2009b.pdf:PDF},
  keywords = {Burrows-Wheeler transform, labeled tree compression, labeled tree
	indexing, path searching, tree navigation, XML compression, XML indexing},
  owner = {jltsiren},
  timestamp = {2009.11.18}
}

@INPROCEEDINGS{Ferragina2010a,
  author = {Ferragina, Paolo and Manzini, Giovanni},
  title = {On Compressing the Textual Web},
  booktitle = {Proceedings of the third ACM international conference on Web search
	and data mining (WSDM 2010)},
  year = {2010},
  pages = {391-400},
  publisher = {ACM},
  citeseerurl = {Suurten html-kokoelmien tiivistämistä kymmenistä gigoista ylöspäin.
	Vertailu tiivistyssuhde vs. purkunopeus mielivaltaisesta kohdasta.
	Mukana myös CSA, joka ei pärjää. RLCSA voisi pärjätä paremmin.},
  doi = {10.1145/1718487.1718536},
  file = {Ferragina2010a.pdf:jltsiren/Ferragina2010a.pdf:PDF},
  owner = {jltsiren},
  timestamp = {2010.07.02}
}

@ARTICLE{Ferragina2005a,
  author = {Ferragina, Paolo and Manzini, Giovanni},
  title = {Indexing compressed text},
  journal = {Journal of the ACM},
  year = {2005},
  volume = {52},
  pages = {552-581},
  number = {4},
  comment = {Journal-versio alkuperäisestä FM-indeksin esitelleestä artikkelista.},
  doi = {10.1145/1082036.1082039},
  file = {Ferragina2005a.pdf:jltsiren/Ferragina2005a.pdf:PDF},
  keywords = {Burrows-Wheeler transform, full-text indexing, indexing data structure,
	Lempel-Ziv compressor, pattern searching, suffix tree, suffix array,
	text compression},
  owner = {jltsiren},
  timestamp = {2009.04.30}
}

@ARTICLE{Ferragina2007a,
  author = {Ferragina, Paolo and Manzini, Giovanni and Mäkinen, Veli and Navarro,
	Gonzalo},
  title = {Compressed representations of sequences and full-text indexes},
  journal = {ACM Transactions on Algorithms},
  year = {2007},
  volume = {3},
  pages = {20},
  number = {2},
  comment = {Wavelet-tree yleistäminen muille kuin binääripuille. AFFM. Raman2002:n
	yleistäminen pienille aakkostoille.},
  doi = {10.1145/1240233.1240243},
  file = {Ferragina2007a.pdf:jltsiren/Ferragina2007a.pdf:PDF},
  keywords = {text indexing, text compression, entropy, Burrows-Wheeler transform,
	compression boosting, wavelet tree, rank and select},
  owner = {jltsiren},
  timestamp = {2010.12.29}
}

@INPROCEEDINGS{Ferragina2011,
  author = {Paolo Ferragina and Jouni Sirén and Rossano Venturini},
  title = {Distribution-Aware Compressed Full-Text Indexes},
  booktitle = {Proceedings of the 19th Annual European Symposium on Algorithms (ESA
	2011)},
  year = {2011},
  volume = {6942},
  series = {LNCS},
  pages = {760-771},
  publisher = {Springer},
  doi = {10.1007/978-3-642-23719-5_64},
  file = {Ferragina2011.pdf:jltsiren/Ferragina2011.pdf:PDF},
  owner = {jltsiren},
  timestamp = {2011.09.21}
}

@INPROCEEDINGS{Ferragina2007,
  author = {Ferragina, Paolo and Venturini, Rossano},
  title = {A simple storage scheme for strings achieving entropy bounds},
  booktitle = {Proceedings of the eighteenth annual ACM-SIAM symposium on Discrete
	algorithms (SODA 2007)},
  year = {2007},
  pages = {690-696},
  publisher = {SIAM},
  comment = {Tiivistetty merkkijono, joka voidaan purkaa mielivaltaisesta kohdasta
	tehokkaasti. o(n) lisäbitillä saadaan vakioaikainen haku.},
  file = {Ferragina2007.pdf:jltsiren/Ferragina2007.pdf:PDF},
  owner = {jltsiren},
  timestamp = {2007.12.30}
}

@INPROCEEDINGS{Fischer2011,
  author = {Johannes Fischer},
  title = {Inducing the {LCP} Array},
  booktitle = {Proceedings of the 12th International Symposium on Algorithms and
	Data Structures (WADS 2011)},
  year = {2011},
  volume = {6844},
  series = {LNCS},
  pages = {374-385},
  publisher = {Springer},
  citeseerurl = {Nopea lineaariaikainen LCP-konstruktioalgoritmi.},
  doi = {10.1007/978-3-642-22300-6_32},
  file = {Fischer2011.pdf:jltsiren/Fischer2011.pdf:PDF},
  owner = {jltsiren},
  timestamp = {2011.10.10}
}

@ARTICLE{Fischer2009,
  author = {Johannes Fischer},
  title = {Wee {LCP}},
  journal = {Information Processing Letters},
  year = {2010},
  volume = {110},
  pages = {317-320},
  number = {8--9},
  comment = {Toisenlainen samplattu PLCP-esitystapa. o(n) bittiä, CSA:n kanssa
	käytettynä asymptoottisesti yhtä nopea kuin samplaamaton, käytännössä
	hitaampi.},
  doi = {10.1016/j.ipl.2010.02.010},
  file = {Fischer2009.pdf:jltsiren/Fischer2009.pdf:PDF},
  owner = {jltsiren},
  timestamp = {2009.10.20}
}

@ARTICLE{Fischer2009a,
  author = {Fischer, Johannes and Mäkinen, Veli and Navarro, Gonzalo},
  title = {Faster entropy-bounded compressed suffix trees},
  journal = {Theoretical Computer Science},
  year = {2009},
  volume = {410},
  pages = {5354-5364},
  number = {51},
  comment = {Fischer 2008:n journal-versio. Entropian suhteen tiivistetty loppuosapuu.},
  doi = {10.1016/j.tcs.2009.09.012},
  file = {Fischer2009a.pdf:jltsiren/Fischer2009a.pdf:PDF},
  keywords = {suffix trees, compressed data structures, range minimum queries},
  owner = {jltsiren},
  timestamp = {2010.03.10}
}

@ARTICLE{Foschini2006,
  author = {Foschini, Luca and Grossi, Roberto and Gupta, Ankur and Vitter, Jeffrey
	Scott},
  title = {When indexing equals compression: Experiments with compressing suffix
	arrays and applications},
  journal = {ACM Transactions on Algorithms},
  year = {2006},
  volume = {2},
  pages = {611-639},
  number = {4},
  comment = {CSA bittivektoreita käyttäen. Esitetään myös WT on BWT, mutta vain
	tiivistykseen. Myös CST, mutta ei vielä täyttä toiminnallisuutta.
	Huffman-muotoinen WT käyttäen fractional cascading operaatioiden
	nopeuttamiseksi. Käytännön testejä. Gamma vs delta vs muut koodaukset.},
  doi = {10.1145/1198513.1198521},
  file = {Foschini2006.pdf:jltsiren/Foschini2006.pdf:PDF},
  keywords = {entropy, text indexing, Burrows-Wheeler transform, suffix array},
  owner = {jltsiren},
  timestamp = {2010.12.29}
}

@INPROCEEDINGS{Gagie2009,
  author = {Travis Gagie and Simon J. Puglisi and Andrew Turpin},
  title = {Range Quantile Queries: Another Virtue of Wavelet Trees},
  booktitle = {Proceedings of the 16th Symposium on String Processing and Information
	Retrieval (SPIRE 2009)},
  year = {2009},
  volume = {5721},
  series = {LNCS},
  pages = {1-6},
  publisher = {Springer},
  comment = {Otsikko kertoo jo kaiken. Wavelet-puiden avulla voi käsitellä taulukon
	mitä tahansa osaväliä sekä järjestettynä että alkuperäisessä järjestyksessä
	yms kivaa.},
  doi = {10.1007/978-3-642-03784-9_1},
  file = {Gagie2009.pdf:jltsiren/Gagie2009.pdf:PDF},
  owner = {jltsiren},
  timestamp = {2009.09.09}
}

@MASTERSTHESIS{Gerlach2007,
  author = {Gerlach, Wolfgang},
  title = {Dynamic {FM}-Index for a Collection of Texts with Application to
	Space-efficient Construction of the Compressed Suffix Array},
  school = {Bielefeld University},
  year = {2007},
  comment = {Dynaaminen FM-indeksi ja kokeellisia tuloksia sillä.},
  file = {Gerlach2007.pdf:jltsiren/Gerlach2007.pdf:PDF},
  owner = {jltsiren},
  timestamp = {2009.04.30}
}

@INPROCEEDINGS{Gog2011,
  author = {Simon Gog and Enno Ohlebusch},
  title = {Fast and Lightweight {LCP}-Array Construction Algorithms},
  booktitle = {Proceedings of the Thirteenth Workshop on Algorithm Engineering and
	Experiments (ALENEX 2011)},
  year = {2011},
  pages = {25-34},
  publisher = {SIAM},
  comment = {Aikaisempaa nopeampia LCP-konstruktioalgoritmeja. Viritetty käytännön
	suorituskykyä varten, mutta eivät välttämättä toimi hyvin kaikissa
	tapauksissa.},
  file = {Gog2011.pdf:jltsiren/Gog2011.pdf:PDF},
  owner = {jltsiren},
  timestamp = {2011.03.01},
  url = {http://www.siam.org/proceedings/alenex/2011/alenex11.php}
}

@INPROCEEDINGS{Golynski2006,
  author = {Golynski, Alexander and Munro, J. Ian and Rao, S. Srinivasa},
  title = {Rank/select operations on large alphabets: a tool for text indexing},
  booktitle = {Proceedings of the seventeenth annual ACM-SIAM symposium on Discrete
	algorithms (SODA 2006)},
  year = {2006},
  pages = {368-373},
  publisher = {SIAM},
  comment = {Rank/select merkkijonoille. Teoreettinen.},
  doi = {10.1145/1109557.1109599},
  file = {Golynski2006.pdf:jltsiren/Golynski2006.pdf:PDF},
  owner = {jltsiren},
  timestamp = {2010.12.29}
}

@INCOLLECTION{Gonnet1992,
  author = {Gonnet, Gaston H. and Baeza-Yates, Ricardo A. and Snider, Tim},
  title = {New indices for text: {PAT} Trees and {PAT} arrays},
  booktitle = {Information retrieval: data structures and algorithms},
  publisher = {Prentice-Hall},
  year = {1992},
  editor = {Frakes, William B. and Baeza-Yates, Ricardo},
  pages = {66-82},
  comment = {Loppuosataulukon muodostaminen lomittamalla toissijaisessa muistissa.
	Aika samankaltainen kuin oma algoritmi CSA:iden yhdistämiselle.},
  file = {Gonnet1992.pdf:jltsiren/Gonnet1992.pdf:PDF},
  owner = {jltsiren},
  timestamp = {2009.02.19}
}

@ARTICLE{Gonzalez2009,
  author = {Rodrigo González and Gonzalo Navarro},
  title = {Rank/select on dynamic compressed sequences and applications},
  journal = {Theoretical Computer Science},
  year = {2009},
  volume = {410},
  pages = {4414-4422},
  number = {43},
  comment = {Dynaaminen rank/select yleisillä merkkijonoilla sekä dynaamiset CSA:t.
	Konferenssiversio on Gonzalez2008. Parantaa Maekinen2008a:ta.},
  doi = {10.1016/j.tcs.2009.07.022},
  file = {Gonzalez2009.pdf:jltsiren/Gonzalez2009.pdf:PDF},
  keywords = {compressed data structures, empirical entropy, text indexing},
  owner = {jltsiren},
  timestamp = {2011.09.28}
}

@INPROCEEDINGS{Grossi2003,
  author = {Grossi, Roberto and Gupta, Ankur and Vitter, Jeffrey Scott},
  title = {High-order entropy-compressed text indexes},
  booktitle = {Proceedings of the fourteenth annual ACM-SIAM symposium on Discrete
	algorithms (SODA 2003)},
  year = {2003},
  pages = {841-850},
  publisher = {SIAM},
  comment = {GGV-CSA sekä wavelet-puut. Jaetaan BWT osiin konteksiten perusteella
	ja tehdään jokaiselle omat WT:t tai indikaattorivektorit.},
  file = {Grossi2003.pdf:jltsiren/Grossi2003.pdf:PDF},
  owner = {jltsiren},
  timestamp = {2010.12.29}
}

@ARTICLE{Grossi2005,
  author = {Grossi, Roberto and Vitter, Jeffrey Scott},
  title = {Compressed Suffix Arrays and Suffix Trees with Applications to Text
	Indexing and String Matching},
  journal = {SIAM Journal on Computing},
  year = {2005},
  volume = {35},
  pages = {378-407},
  number = {2},
  comment = {Alkuperäisen CSA-artikkelin journal-versio.},
  doi = {10.1137/S0097539702402354},
  file = {Grossi2005.pdf:jltsiren/Grossi2005.pdf:PDF},
  keywords = {compression, text indexing, text retrieval, compressed data structures,
	suffix arrays, suffix trees, string searching, pattern matching},
  owner = {jltsiren},
  timestamp = {2009.04.26}
}

@INPROCEEDINGS{Grossi2011,
  author = {Grossi, Roberto and Vitter, Jeffrey Scott and Xu, Bojian},
  title = {Wavelet Trees: from Theory to Practice},
  booktitle = {Proceedings of the First International Conference on Data Compression,
	Communication and Processing},
  year = {2011},
  pages = {210-231},
  publisher = {IEEE},
  comment = {RLE+delta on parempi kuin RLE+gamma, jos nHk = o(n).},
  doi = {10.1109/CCP.2011.16},
  file = {Grossi2011.pdf:jltsiren/Grossi2011.pdf:PDF},
  keywords = {wavelet-tree, full-text indexing, pattern matching, data compression},
  owner = {jltsiren},
  timestamp = {2011.09.14}
}

@ARTICLE{Gupta2007,
  author = {Gupta, Ankur and Hon, Wing-Kai and Shah, Rahul and Vitter, Jeffrey
	Scott},
  title = {Compressed data structures: dictionaries and data-aware measures},
  journal = {Theoretical Computer Science},
  year = {2007},
  volume = {387},
  pages = {313-331},
  number = {3},
  comment = {Rank/select bittivektoreita, jotka tiivistävät suhteessa gap-mittaan.
	Turhan tekninen.},
  doi = {10.1016/j.tcs.2007.07.042},
  file = {Gupta2007.pdf:jltsiren/Gupta2007.pdf:PDF},
  owner = {jltsiren},
  timestamp = {2008.11.03}
}

@ARTICLE{Hon2007,
  author = {Hon, Wing-Kai and Lam, Tak-Wah and Sadakane, Kunihiko and Sung, Wing-Kin
	and Yiu, Siu-Ming},
  title = {A space and time efficient algorithm for constructing compressed
	suffix arrays},
  journal = {Algorithmica},
  year = {2007},
  volume = {48},
  pages = {23-36},
  number = {1},
  comment = {Tiivistetyn loppuosataulukon rakentaminen muistissa vähän tilaa käyttäen
	inkrementaalisesti. Dynaaminen Psi perustuu tähän.},
  doi = {10.1007/s00453-006-1228-8},
  file = {Hon2007.pdf:jltsiren/Hon2007.pdf:PDF},
  keywords = {text indexing, pattern matching, compression, construction},
  owner = {jltsiren},
  timestamp = {2007.09.03}
}

@ARTICLE{Hon2009,
  author = {Wing-Kai Hon and Kunihiko Sadakane and Wing-Kin Sung},
  title = {Breaking a Time-and-Space Barrier in Constructing Full-Text Indices},
  journal = {SIAM Journal on Computing},
  year = {2009},
  volume = {38},
  pages = {2162-2178},
  number = {6},
  comment = {CSA:n rakentaminen tilatehokkaasti. Käytännössä 1/2-rekursio ja lomitus.
	Vrt. Na2007. Hon2003:n täysi versio.},
  doi = {10.1137/070685373},
  file = {Hon2009.pdf:jltsiren/Hon2009.pdf:PDF},
  keywords = {text indexing, preprocessing, suffix trees, suffix arrays},
  owner = {jltsiren},
  timestamp = {2009.04.02}
}

@INPROCEEDINGS{Huang2010,
  author = {Huang, Songbo and Lam, T.W. and Sung, W.K. and Tam, S.L. and Yiu,
	S.M.},
  title = {Indexing Similar {DNA} Sequences},
  booktitle = {Proceedings of the The Sixth International Conference on Algorithmic
	Aspects in Information and Management (AAIM 2010)},
  year = {2010},
  volume = {6124},
  series = {LNCS},
  pages = {180-190},
  publisher = {Springer},
  comment = {RLCSA:ta pienempi ja nopeampi indeksi vahvasti toisteisille DNA-kokoelmille,
	jos kokoelman rakenne tunnetaan. Oletus on, että jokaisessa sekvenssissä
	on samoissa kohdissa samat yhteiset osuudet, joiden välissä on sekvenssistä
	riippuvat osuudet.},
  doi = {10.1007/978-3-642-14355-7_19},
  file = {Huang2010.pdf:jltsiren/Huang2010.pdf:PDF},
  owner = {jltsiren},
  timestamp = {2010.07.05}
}

@ARTICLE{Huffman1952,
  author = {David A. Huffman},
  title = {A method for the construction of minimum-redundancy codes.},
  journal = {Proceedings of the IRE},
  year = {1952},
  volume = {40},
  pages = {1098-1101},
  number = {9},
  comment = {Huffman-koodit.},
  doi = {10.1109/JRPROC.1952.273898},
  file = {Huffman1952.pdf:jltsiren/Huffman1952.pdf:PDF},
  owner = {jltsiren},
  timestamp = {2011.10.10}
}

@INPROCEEDINGS{Jacobson1989,
  author = {Guy Jacobson},
  title = {Space-efficient Static Trees and Graphs},
  booktitle = {Proceedings of the 30th Annual IEEE Symposium on Foundations of Computer
	Science (FOCS 1989)},
  year = {1989},
  pages = {549-554},
  publisher = {IEEE},
  doi = {10.1109/SFCS.1989.63533},
  file = {Jacobson1989.pdf:jltsiren/Jacobson1989.pdf:PDF},
  owner = {jltsiren},
  timestamp = {2011.09.20}
}

@INPROCEEDINGS{Kasai2001,
  author = {Kasai, Toru and Lee, Gunho and Arimura, Hiroki and Arikawa, Setsuo
	and Park, Kunsoo},
  title = {Linear-Time Longest-Common-Prefix Computation in Suffix Arrays and
	Its Applications},
  booktitle = {Proceedings of the 12th Annual Symposium on Combinatorial Pattern
	Matching (CPM 2001)},
  year = {2001},
  volume = {2089},
  series = {LNCS},
  pages = {181-192},
  publisher = {Springer},
  comment = {Lineaarisen ajan LCP-algoritmi. Ei erityisen tilatehokas.},
  doi = {10.1007/3-540-48194-X_17},
  file = {Kasai2001.pdf:jltsiren/Kasai2001.pdf:PDF},
  owner = {jltsiren},
  timestamp = {2009.10.05}
}

@MISC{Khmelev2004,
  author = {Dmitry Khmelev},
  title = {Program lcp version 0.1.9},
  howpublished = {\url{http://www.math.toronto.edu/dkhmelev/PROGS/misc/lcp-eng.html}},
  year = {2004},
  comment = {Sparse PLCP array toteutettu.},
  owner = {jltsiren},
  timestamp = {2009.09.16},
  url = {http://www.math.toronto.edu/dkhmelev/PROGS/misc/lcp-eng.html}
}

@INPROCEEDINGS{Kreft2011,
  author = {Sebastian Kreft and Gonzalo Navarro},
  title = {Self-indexing Based on {LZ77}},
  booktitle = {Proceedings of the 22nd Annual Symposium on Combinatorial Pattern
	Matching (CPM 2011)},
  year = {2011},
  volume = {6661},
  series = {LNCS},
  pages = {41-54},
  publisher = {Spr},
  doi = {10.1007/978-3-642-21458-5_6},
  file = {Kreft2011.pdf:jltsiren/Kreft2011.pdf:PDF},
  owner = {jltsiren},
  timestamp = {2011.09.20}
}

@INPROCEEDINGS{Kreft2010,
  author = {Kreft, Sebastian and Navarro, Gonzalo},
  title = {{LZ77}-Like Compression with Fast Random Access},
  booktitle = {Proceedings of the 2010 IEEE Data Compression Conference (DCC 2010)},
  year = {2010},
  pages = {239-248},
  publisher = {IEEE},
  comment = {LZ77-pohjaista tiivistämistä niin, että osajonot voi purkaa tehokkaasti.
	Perustuu rajoitukseen, että kunkin fraasin kopioitavan osan tulee
	loppua jonkun aikaisemman fraasin loppuun.},
  doi = {10.1109/DCC.2010.29},
  file = {Kreft2010.pdf:jltsiren/Kreft2010.pdf:PDF},
  owner = {jltsiren},
  timestamp = {2010.07.05}
}

@ARTICLE{Kurtz1999,
  author = {Kurtz, Stefan},
  title = {Reducing the space requirement of suffix trees},
  journal = {Software: Practice and Experience},
  year = {1999},
  volume = {29},
  pages = {1149-1171},
  number = {13},
  comment = {Loppuosapuiden tilatehokas toteutus ja testejä.},
  doi = {10.1002/(SICI)1097-024X(199911)29:13<1149::AID-SPE274>3.0.CO;2-O},
  file = {Kurtz1999.pdf:jltsiren/Kurtz1999.pdf:PDF},
  keywords = {data structures, suffix trees, implementation techniques, space reduction},
  owner = {jltsiren},
  timestamp = {2010.01.10}
}

@INPROCEEDINGS{Kuruppu2010,
  author = {Kuruppu, Shanika and Puglisi, Simon J. and Zobel, Justin},
  title = {Relative {L}empel-{Z}iv Compression of Genomes for Large-Scale Storage
	and Retrieval},
  booktitle = {Proceedings of the 17th Symposium on String Processing and Information
	Retrieval (SPIRE 2010)},
  year = {2010},
  volume = {6393},
  series = {LNCS},
  pages = {201-206},
  publisher = {Springer},
  comment = {Useiden genomien tiivistäminen käyttämällä LZ77:ää suhteessa ensimmäiseen
	genomiin. Vertailu RLCSA:han.},
  doi = {10.1007/978-3-642-16321-0_20},
  file = {Kuruppu2010.pdf:jltsiren/Kuruppu2010.pdf:PDF},
  owner = {jltsiren},
  timestamp = {2010.10.19}
}

@ARTICLE{Kaerkkaeinen2007,
  author = {Kärkkäinen, Juha},
  title = {Fast {BWT} in small space by blockwise suffix sorting},
  journal = {Theoretical Computer Science},
  year = {2007},
  volume = {387},
  pages = {249-257},
  number = {3},
  comment = {Loppuosataulukon muodostaminen ja bwt, tehokas algoritmi, joka pitää
	alkuperäisen tekstin muistissa mutta käyttää kohtuuvähän lisätilaa.
	Koodi on olemassa.},
  doi = {10.1016/j.tcs.2007.07.018},
  file = {Kaerkkaeinen2007.pdf:jltsiren/Kaerkkaeinen2007.pdf:PDF},
  keywords = {Burrows-Wheeler transform, suffix sorting, suffix array, space-efficient
	algorithms},
  owner = {jltsiren},
  timestamp = {2007.09.06}
}

@INPROCEEDINGS{Kaerkkaeinen2009,
  author = {Juha Kärkkäinen and Giovanni Manzini and Simon Puglisi},
  title = {Permuted Longest-Common-Prefix Array},
  booktitle = {Proceedings of the 20th Annual Symposium on Combinatorial Pattern
	Matching (CPM 2009)},
  year = {2009},
  volume = {5577},
  series = {LNCS},
  pages = {181-192},
  publisher = {Springer},
  comment = {Nopeita algoritmeja LCP-taulukon laskentaan. Tarvitsevat kuitenkin
	ainakin tekstin muistissa.},
  doi = {10.1007/978-3-642-02441-2_17},
  file = {Kaerkkaeinen2009.pdf:jltsiren/Kaerkkaeinen2009.pdf:PDF},
  owner = {jltsiren},
  timestamp = {2009.08.30}
}

@INPROCEEDINGS{Kaerkkaeinen2011,
  author = {Juha Kärkkäinen and Simon J. Puglisi},
  title = {Fixed Block Compression Boosting in {FM}-Indexes},
  booktitle = {Proceedings of the 18th Symposium on String Processing and Information
	Retrieval (SPIRE 2011)},
  year = {2011},
  volume = {7024},
  series = {LNCS},
  pages = {174-184},
  publisher = {Springer},
  comment = {Pienempi ja nopeampi WT-pohjainen FMI, kun ei tehdä implisiittistä
	eikä optimaalista boostingia vaan jaetaan vain kiinteästi blokkeihin
	konteksteista välittämättä. Teoreettinen tilankäyttö korkeamman kertaluvun
	entropian mukainen ja käytännössä vaihtoehtoja pienempi, kun overheadia
	on vähemmän.},
  doi = {10.1007/978-3-642-24583-1_18},
  file = {Kaerkkaeinen2011.pdf:jltsiren/Kaerkkaeinen2011.pdf:PDF},
  owner = {jltsiren},
  timestamp = {2011.10.08}
}

@INCOLLECTION{Kaerkkaeinen2003,
  author = {Kärkkäinen, Juha and Rao, S. Srinivasa},
  title = {Full-text indexes in external memory},
  booktitle = {Algorithms for Memory Hierarchies},
  publisher = {Springer},
  year = {2003},
  volume = {2625},
  series = {LNCS},
  chapter = {7},
  pages = {149-170},
  comment = {Kokotekstihakemistot ja niiden muodostaminen toissijaisessa muistissa.},
  file = {Kaerkkaeinen2003.pdf:jltsiren/Kaerkkaeinen2003.pdf:PDF},
  owner = {jltsiren},
  timestamp = {2007.08.31}
}

@ARTICLE{Lam2008,
  author = {Lam, T. W. and Sung, W. K. and Tam, S. L. and Wong, C. K. and Yiu,
	S. M.},
  title = {Compressed indexing and local alignment of {DNA}},
  journal = {Bioinformatics},
  year = {2008},
  volume = {24},
  pages = {791-797},
  number = {6},
  comment = {BWT-SW: Smith-Waterman-algoritmi BWT-indeksiä käyttäen. Olennaisesti
	likimääräistä hakua isoilla hahmoilla. Toteutus sisältää Hon2007:n
	toteutuksen.},
  doi = {10.1093/bioinformatics/btn032},
  file = {Lam2008.pdf:jltsiren/Lam2008.pdf:PDF},
  owner = {jltsiren},
  timestamp = {2011.10.22}
}

@ARTICLE{Langmead2009,
  author = {Langmead, Ben and Trapnell, Cole and Pop, Mihai and Salzberg, Steven
	L},
  title = {Ultrafast and memory-efficient alignment of short {DNA} sequences
	to the human genome},
  journal = {Genome Biology},
  year = {2009},
  volume = {10},
  pages = {R25},
  number = {3},
  comment = {Lyhyiden readien linjausta ihmisen genomissa FM-indeksiä käyttäen.
	Bowtie.},
  doi = {10.1186/gb-2009-10-3-r25},
  file = {Langmead2009.pdf:jltsiren/Langmead2009.pdf:PDF},
  owner = {jltsiren},
  timestamp = {2009.06.03}
}

@INPROCEEDINGS{Larsson1999,
  author = {N. Jesper Larsson and Alistair Moffat},
  title = {Offline dictionary-based compression},
  booktitle = {Proceedings of the 1999 IEEE Data Compression Conference (DCC 1999)},
  year = {1999},
  pages = {296-305},
  publisher = {IEEE},
  comment = {Esitellään Re-Pair: sanakirjapohjainen offline-tiivistys.},
  doi = {10.1109/DCC.1999.755679},
  file = {Larsson1999.pdf:jltsiren/Larsson1999.pdf:PDF},
  owner = {jltsiren},
  timestamp = {2007.10.25}
}

@ARTICLE{Larsson2007,
  author = {Larsson, N. Jesper and Sadakane, Kunihiko},
  title = {Faster suffix sorting},
  journal = {Theoretical Computer Science},
  year = {2007},
  volume = {387},
  pages = {258-272},
  number = {3},
  comment = {Loppuosataulukon muodostamiseen käytettävä algoritmi, joka on kohtuutehokas
	kaikilla syötteillä, vaatii 2n log n bittiä muistia ja toimii myös
	suurilla aakkostoilla. Käytetään osana omaa algoritmiani CSA:n paloittaiseen
	muodostamiseen.},
  doi = {10.1016/j.tcs.2007.07.017},
  file = {Larsson2007.pdf:jltsiren/Larsson2007.pdf:PDF},
  keywords = {suffix arrays, Burrows-Wheeler transform},
  owner = {jltsiren},
  timestamp = {2009.02.26}
}

@ARTICLE{Lee2009,
  author = {Sunho Lee and Kunsoo Park},
  title = {Dynamic Compressed Representation of Texts with Rank/Select},
  journal = {Journal of Computing Science and Engineering},
  year = {2009},
  volume = {3},
  pages = {15-26},
  number = {1},
  comment = {Entropiatiivistetty versio Lee2009a:sta. Vertaa Gonzalez2009, joka
	on monimutkaisempi.},
  file = {Lee2009.pdf:jltsiren/Lee2009.pdf:PDF},
  keywords = {compressed full-text index, rank/select structure, compression, data
	structure, index, rank, select, text},
  owner = {jltsiren},
  timestamp = {2011.09.28},
  url = {http://jcse.kiise.org/PublishedPaper/year_abstract.asp?idx=35}
}

@ARTICLE{Lee2009a,
  author = {Sunho Lee and Kunsoo Park},
  title = {Dynamic rank/select structures with applications to run-length encoded
	texts},
  journal = {Theoretical Computer Science},
  year = {2009},
  volume = {410},
  pages = {4402-4413},
  number = {43},
  comment = {Journal-versio Lee2007:stä.},
  doi = {10.1016/j.tcs.2009.07.021},
  file = {Lee2009a.pdf:jltsiren/Lee2009a.pdf:PDF},
  keywords = {succinct data structures, dynamic rank/select structures, full-text
	index, run-length encoding},
  owner = {jltsiren},
  timestamp = {2011.09.28}
}

@ARTICLE{Li2010,
  author = {Heng Li and Richard Durbin},
  title = {Fast and accurate long-read alignment with {B}urrows-{W}heeler transform},
  journal = {Bioinformatics},
  year = {2010},
  volume = {26},
  pages = {589-595},
  number = {5},
  doi = {10.1093/bioinformatics/btp698},
  file = {Li2010.pdf:jltsiren/Li2010.pdf:PDF},
  owner = {jltsiren},
  timestamp = {2011.12.28}
}

@ARTICLE{Li2009,
  author = {Heng Li and Richard Durbin},
  title = {Fast and accurate short read alignment with {B}urrows-{W}heeler transform},
  journal = {Bioinformatics},
  year = {2009},
  volume = {25},
  pages = {1754-1760},
  number = {14},
  comment = {BWT-pohjainen short read aligner BWA.},
  doi = {10.1093/bioinformatics/btp324},
  file = {Li2009.pdf:jltsiren/Li2009.pdf:PDF},
  owner = {jltsiren},
  timestamp = {2011.01.05}
}

@ARTICLE{Li2009a,
  author = {Ruiqiang Li and Chang Yu and Yingrui Li and Tak-Wah Lam and Siu-Ming
	Yiu and Karsten Kristiansen and Jun Wang},
  title = {{SOAP2}: an improved ultrafast tool for short read alignment},
  journal = {Bioinformatics},
  year = {2009},
  volume = {25},
  pages = {1966-1967},
  number = {15},
  doi = {10.1093/bioinformatics/btp336},
  file = {Li2009a.pdf:jltsiren/Li2009a.pdf:PDF},
  owner = {jltsiren},
  timestamp = {2011.12.28}
}

@CONFERENCE{Liu2011,
  author = {Chi-Ming Liu and Tak-Wah Lam and Thomas Wong and Edward Wu and Siu-Ming
	Yiu and Zhiheng Li and Ruibang Luo and Bingqiang Wang and Chang Yu
	and Xiaowen Chu and Kaiyong Zhao and Rui},
  title = {{SOAP3}: {GPU}-based Compressed Indexing and Ultra-fast Parallel
	Alignment of Short Reads},
  booktitle = {Third Workshop on Massive Data Algorithms (MASSIVE 2011)},
  year = {2011},
  file = {Liu2011.pdf:jltsiren/Liu2011.pdf:PDF},
  owner = {jltsiren},
  timestamp = {2011.12.28},
  url = {http://www.cs.hku.hk/~twlam/soap3.pdf}
}

@ARTICLE{Manber1993,
  author = {Udi Manber and Gene Myers},
  title = {Suffix Arrays: A New Method for On-Line String Searches},
  journal = {SIAM Journal on Computing},
  year = {1993},
  volume = {22},
  pages = {935-948},
  number = {5},
  comment = {Loppuosataulukot, LCP-taulukko ja näiden muodostaminen.},
  doi = {10.1137/0222058},
  file = {Manber1993.pdf:jltsiren/Manber1993.pdf:PDF},
  keywords = {string searching, string matching, pattern matching, suffix trees,
	algorithms, text indexing, inverted indices},
  owner = {jltsiren},
  timestamp = {2011.03.02}
}

@ARTICLE{Manzini2001,
  author = {Manzini, Giovanni},
  title = {An analysis of the {B}urrows-{W}heeler transform},
  journal = {Journal of the ACM},
  year = {2001},
  volume = {48},
  pages = {407-430},
  number = {3},
  comment = {BWT-pohjaisen tiivistyksen pahimman tapauksen analyysi. Empiirinen
	entropia.},
  doi = {10.1145/382780.382782},
  file = {Manzini2001.pdf:jltsiren/Manzini2001.pdf:PDF},
  keywords = {block sorting, Burrows-Wheeler transform, move-to-front encoding,
	worst-case analysis of compression},
  owner = {jltsiren},
  timestamp = {2011.03.10}
}

@ARTICLE{McCreight1976,
  author = {Edward M. McCreight},
  title = {A Space-Economical Suffix Tree Construction Algorithm},
  journal = {Journal of the ACM},
  year = {1976},
  volume = {23},
  pages = {262-272},
  number = {2},
  comment = {Lineaarinen loppuosapuun muodostamisalgoritmi, joka lisää loppuosat
	yksi kerrallaan pisimmästä lyhimpään. Myös dynaaminen loppuosapuu.},
  doi = {10.1145/321941.321946},
  file = {McCreight1976.pdf:jltsiren/McCreight1976.pdf:PDF},
  keywords = {pattern matching algorithms, searching, search trees, context search,
	substring search, analysis of algorithms},
  owner = {jltsiren},
  timestamp = {2010.11.29}
}

@INPROCEEDINGS{Munro1996,
  author = {J. Ian Munro},
  title = {Tables},
  booktitle = {Proceedings of the 16th Conference on Foundations of Software Technology
	and Theoretical Computer Science (FSTTCS 1996)},
  year = {1996},
  volume = {1180},
  series = {LNCS},
  publisher = {Springer},
  doi = {10.1007/3-540-62034-6_35},
  file = {Munro1996.pdf:jltsiren/Munro1996.pdf:PDF},
  owner = {jltsiren},
  timestamp = {2011.09.20}
}

@ARTICLE{Maekinen2008a,
  author = {Mäkinen, Veli and Navarro, Gonzalo},
  title = {Dynamic entropy-compressed sequences and full-text indexes},
  journal = {ACM Transactions on Algorithms},
  year = {2008},
  volume = {4},
  pages = {32},
  number = {3},
  comment = {Käytännössä dynaaminen FM-indeksi / wavelet-puu. Gonzalez2008 parantaa.
	Maekinen2007 on aikaisempi versio.},
  doi = {10.1145/1367064.1367072},
  file = {Maekinen2008a.pdf:jltsiren/Maekinen2008a.pdf:PDF},
  keywords = {compressed dynamic data structures, compressed text databases, entropy,
	partial sums, sequences},
  owner = {jltsiren},
  timestamp = {2008.11.19}
}

@ARTICLE{Maekinen2005,
  author = {Mäkinen, Veli and Navarro, Gonzalo},
  title = {Succinct suffix arrays based on run-length encoding},
  journal = {Nordic Journal of Computing},
  year = {2005},
  volume = {12},
  pages = {40-66},
  number = {1},
  comment = {Analyysi joka yhditää empiirisen entropian ja juoksujen määrän. Analyysi,
	joka antaa CDSA-RLE:lle järkevän rajan tilatarpeelle. Itse rakenne
	toissijainen.},
  file = {Maekinen2005.ps:jltsiren/Maekinen2005.ps:PostScript},
  keywords = {compressed full-text self-indexes, empirical k-th order entropy, indexed
	string matching, text retrieval, Burrows-Wheeler transform, suffix
	arrays, run-length compression},
  owner = {jltsiren},
  timestamp = {2007.12.03}
}

@ARTICLE{Maekinen2010,
  author = {Mäkinen, Veli and Navarro, Gonzalo and Sirén, Jouni and Välimäki,
	Niko},
  title = {Storage and Retrieval of Highly Repetitive Sequence Collections},
  journal = {Journal of Computational Biology},
  year = {2010},
  volume = {17},
  pages = {281-308},
  number = {3},
  comment = {Siren2008:n ja Maekinen2009:n laajennettu versio. CSA:t vahvasti toisteisille
	kokoelmille.},
  doi = {10.1089/cmb.2009.0169},
  file = {Maekinen2010.pdf:jltsiren/Maekinen2010.pdf:PDF},
  keywords = {comparative genomics, compressed data structures, full-text indexing,
	suffix tree},
  owner = {jltsiren},
  timestamp = {2010.04.14}
}

@ARTICLE{Na2007,
  author = {Na, Joong Chae and Park, Kunsoo},
  title = {Alphabet-independent linear-time construction of compressed suffix
	arrays using o(nlogn)-bit working space},
  journal = {Theoretical Computer Science},
  year = {2007},
  volume = {385},
  pages = {127-136},
  number = {1-3},
  comment = {CSA:n rakentaminen tilatehokkaasti. Käytännössä 2/3-rekursio ja lomitus.
	Vrt. Hon2003 / Hon2009. Lineaarinen aika, ei tunnettua toteutusta.},
  doi = {10.1016/j.tcs.2007.05.030},
  file = {Na2007.pdf:jltsiren/Na2007.pdf:PDF},
  keywords = {compressed suffix array, {FM}-index, index data structure, Burrows-Wheeler
	transform},
  owner = {jltsiren},
  timestamp = {2009.02.06}
}

@ARTICLE{Navarro2004,
  author = {Gonzalo Navarro},
  title = {Indexing text using the {Z}iv-{L}empel trie},
  journal = {Journal of Discrete Algorithms},
  year = {2004},
  volume = {2},
  pages = {87-114},
  number = {1},
  doi = {10.1016/S1570-8667(03)00066-2},
  file = {Navarro2004.pdf:jltsiren/Navarro2004.pdf:PDF},
  keywords = {self-indexing, compressed text, compressed pattern matching, succinct
	data structures},
  owner = {jltsiren},
  timestamp = {2011.09.20}
}

@ARTICLE{Navarro2007,
  author = {Gonzalo Navarro and Veli Mäkinen},
  title = {Compressed full-text indexes},
  journal = {ACM Computing Surveys},
  year = {2007},
  volume = {39},
  pages = {2},
  number = {1},
  comment = {Survey itseindekseistä.},
  doi = {10.1145/1216370.1216372},
  file = {Navarro2007.pdf:jltsiren/Navarro2007.pdf:PDF},
  keywords = {text indexing, text compression, entropy},
  owner = {jltsiren},
  timestamp = {2007.08.30}
}

@INPROCEEDINGS{Nong2009,
  author = {Nong, Ge and Zhang, Sen and Chan, Wai Hong},
  title = {Linear Time Suffix Array Construction Using {D}-Critical Substrings},
  booktitle = {Proceedings of the 20th Annual Symposium on Combinatorial Pattern
	Matching (CPM 2009)},
  year = {2009},
  volume = {5577},
  series = {LNCS},
  pages = {54-67},
  publisher = {Springer},
  comment = {Yksinkertainen ja nopea lineaariaikainen loppuosataulukonmuodostusalgoritmi.
	Vaikeasti esitetty.},
  doi = {10.1007/978-3-642-02441-2_6},
  file = {Nong2009.pdf:jltsiren/Nong2009.pdf:PDF},
  owner = {jltsiren},
  timestamp = {2011.02.12}
}

@INPROCEEDINGS{Nong2009a,
  author = {Ge Nong and Sen Zhang and Wai Hong Chan},
  title = {Linear Suffix Array Construction by Almost Pure Induced-Sorting},
  booktitle = {Proceedings of the 2009 IEEE Data Compression Conference (DCC 2009)},
  year = {2009},
  pages = {193-202},
  publisher = {IEEE},
  comment = {Nopea ja yksinkertainen algoritmi loppuosataulukon muodostamiseen
	lineaarisessa ajassa.},
  doi = {10.1109/DCC.2009.42},
  file = {Nong2009a.pdf:jltsiren/Nong2009a.pdf:PDF},
  owner = {jltsiren},
  timestamp = {2011.03.02}
}

@INPROCEEDINGS{Ohlebusch2010,
  author = {Ohlebusch, Enno and Fischer, Johannes and Gog, Simon},
  title = {{CST++}},
  booktitle = {Proceedings of the 17th Symposium on String Processing and Information
	Retrieval (SPIRE 2010)},
  year = {2010},
  volume = {6393},
  series = {LNCS},
  pages = {322-333},
  publisher = {Springer},
  comment = {Tiivistetty loppuosapuu, jossa monet operaatiot ovat vakioaikaisia.
	Ekstratila 3n bittiä (vs. 4n bittiä, Sadakane2007). Sisältää O(1)-aikaisen
	tiivistetyn LCP-taulukon, joka vie kuitenkin 4n-6n bittiä.},
  doi = {10.1007/978-3-642-16321-0_34},
  file = {Ohlebusch2010.pdf:jltsiren/Ohlebusch2010.pdf:PDF},
  owner = {jltsiren},
  timestamp = {2010.10.19}
}

@INPROCEEDINGS{Ohlebusch2009,
  author = {Ohlebusch, Enno and Gog, Simon},
  title = {A Compressed Enhanced Suffix Array Supporting Fast String Matching},
  booktitle = {Proceedings of the 16th Symposium on String Processing and Information
	Retrieval (SPIRE 2009)},
  year = {2009},
  volume = {5721},
  series = {LNCS},
  pages = {51-62},
  publisher = {Springer},
  comment = {Tiivistetty enhanced suffix array / CST. Sisältää CSA:n, tiivistetyn
	LCP-taulukon ja tasapainoisen sulkuesityksen LCP-välien muodostamalle
	puulle / loppuosapuun topologialle. Katso myös Ohlebusch2010.},
  doi = {10.1007/978-3-642-03784-9_6},
  file = {Ohlebusch2009.pdf:jltsiren/Ohlebusch2009.pdf:PDF},
  owner = {jltsiren},
  timestamp = {2011.05.27}
}

@INPROCEEDINGS{Okanohara2009,
  author = {Daisuke Okanohara and Kunihiko Sadakane},
  title = {A Linear-Time {B}urrows-{W}heeler Transform Using Induced Sorting},
  booktitle = {Proceedings of the 16th Symposium on String Processing and Information
	Retrieval (SPIRE 2009)},
  year = {2009},
  volume = {5721},
  series = {LNCS},
  pages = {90-101},
  publisher = {Springer},
  comment = {BWT:n rakentaminen tilatehokkaasti lineaarisessa ajassa. Ei käytännön
	nopeustestejä. Nopea toteutus osoitteessa http://code.google.com/p/csalib/
	, vaatii noin 2x syötteen verran muistia.},
  doi = {10.1007/978-3-642-03784-9_9},
  file = {Okanohara2009.pdf:jltsiren/Okanohara2009.pdf:PDF},
  owner = {jltsiren},
  timestamp = {2009.09.09}
}

@INPROCEEDINGS{Okanohara2007,
  author = {Okanohara, Daisuke and Sadakane, Kunihiko},
  title = {Practical Entropy-Compressed Rank/Select Dictionary},
  booktitle = {Proceedings of the Ninth Workshop on Algorithm Engineering and Experiments
	(ALENEX 2007)},
  year = {2007},
  pages = {60-70},
  publisher = {SIAM},
  comment = {Erilaisten tiivistettyjen bittivektoreiden vertailu, kun vektorit
	harvoja.},
  file = {Okanohara2007.pdf:jltsiren/Okanohara2007.pdf:PDF},
  owner = {jltsiren},
  timestamp = {2010.07.05},
  url = {http://www.siam.org/proceedings/alenex/2007/alenex07.php}
}

@ARTICLE{Puglisi2007,
  author = {Puglisi, Simon J. and Smyth, W. F. and Turpin, Andrew H.},
  title = {A taxonomy of suffix array construction algorithms},
  journal = {ACM Computing Surveys},
  year = {2007},
  volume = {39},
  pages = {4},
  number = {2},
  comment = {Survey loppuosataulukon muodostamisessa käytettävistä algoritmeista.},
  doi = {10.1145/1242471.1242472},
  file = {Puglisi2007.pdf:jltsiren/Puglisi2007.pdf:PDF},
  keywords = {suffix array, suffix tree, suffix sorting, Burrows-Wheeler transform},
  owner = {jltsiren},
  timestamp = {2007.09.26}
}

@INPROCEEDINGS{Puglisi2008,
  author = {Simon J. Puglisi and Andrew Turpin},
  title = {Space-Time Tradeoffs for Longest-Common-Prefix Array Computation},
  booktitle = {Proceedings of the 19th International Symposium on Algorithms and
	Computation (ISAAC 2008)},
  year = {2008},
  volume = {5369},
  series = {LNCS},
  pages = {124-135},
  publisher = {Springer},
  comment = {LCP-taulukon laskentaan difference cover -pohjainen algoritmi. Tila-
	ja aikavaativuudet kuten Kärkkäisen BWT-algoritmilla. Loppuosataulukko
	levyllä, teksti muistissa.},
  doi = {10.1007/978-3-540-92182-0_14},
  file = {Puglisi2008.pdf:jltsiren/Puglisi2008.pdf:PDF},
  owner = {jltsiren},
  timestamp = {2009.08.31}
}

@INPROCEEDINGS{Raman2002,
  author = {Raman, Rajeev and Raman, Venkatesh and Rao, S. Srinivasa},
  title = {Succinct indexable dictionaries with applications to encoding $k$-ary
	trees and multisets},
  booktitle = {Proceedings of the thirteenth annual ACM-SIAM symposium on Discrete
	algorithms (SODA 2002)},
  year = {2002},
  pages = {233-242},
  publisher = {SIAM},
  comment = {Tiivis bittivektori, jossa rank ja select vakioaikaisia.},
  file = {Raman2002.pdf:jltsiren/Raman2002.pdf:PDF},
  owner = {jltsiren},
  timestamp = {2009.12.07}
}

@ARTICLE{Russo2008a,
  author = {Russo, Luís M. S. and Oliveira, Arlindo L.},
  title = {A compressed self-index using a {Z}iv-{L}empel dictionary},
  journal = {Information Retrieval},
  year = {2008},
  volume = {11},
  pages = {359-388},
  number = {4},
  doi = {10.1007/s10791-008-9050-3},
  file = {Russo2008a.pdf:jltsiren/Russo2008a.pdf:PDF},
  keywords = {pattern matching, text indexing, data compression, compressed index},
  owner = {jltsiren},
  timestamp = {2011.09.20}
}

@ARTICLE{Sadakane2007,
  author = {Kunihiko Sadakane},
  title = {Compressed Suffix Trees with Full Functionality},
  journal = {Theory of Computing Systems},
  year = {2007},
  volume = {41},
  pages = {589-607},
  number = {4},
  comment = {Tiivistetty loppuosapuu. Aineksina CSA, LCP ja puun sulkuesitys. Kahden
	viimeisen avulla tehdään range minimum query.},
  doi = {10.1007/s00224-006-1198-x},
  file = {Sadakane2007.pdf:jltsiren/Sadakane2007.pdf:PDF},
  owner = {jltsiren},
  timestamp = {2009.09.09}
}

@ARTICLE{Sadakane2003,
  author = {Sadakane, Kunihiko},
  title = {New text indexing functionalities of the compressed suffix arrays},
  journal = {Journal of Algorithms},
  year = {2003},
  volume = {48},
  pages = {294-313},
  comment = {Sadakane-CSA (Sad-CSA). Uudempi versio Sadakane2000:sta. Etuperinhaku.
	Osoitetaan, että CSA on itseindeksi.},
  doi = {10.1016/S0196-6774(03)00087-7},
  file = {Sadakane2003.pdf:jltsiren/Sadakane2003.pdf:PDF},
  keywords = {text database, suffix array, compression},
  owner = {jltsiren},
  timestamp = {2009.10.01}
}

@INPROCEEDINGS{Sadakane2002,
  author = {Sadakane, Kunihiko},
  title = {Succinct representations of lcp information and improvements in the
	compressed suffix arrays},
  booktitle = {Proceedings of the thirteenth annual ACM-SIAM symposium on Discrete
	algorithms (SODA 2002)},
  year = {2002},
  pages = {225-232},
  publisher = {SIAM},
  comment = {LCP:n esittäminen 2n bitissä (PLCP bittivektorina). Myös mielivaltaisten
	LCP-arvojen laskeminen 4n bitin lisärakenteen avulla. Olennaisesti
	pohjaa Sadakane2007:lle. Lisäksi CSA indikaattorivektoreiden avulla
	ja takaperinhaku CSA:lla.},
  file = {Sadakane2002.pdf:jltsiren/Sadakane2002.pdf:PDF},
  owner = {jltsiren},
  timestamp = {2007.09.03}
}

@ARTICLE{Salson2009,
  author = {Mikaël Salson and Thierry Lecroq and Martine Léonard and Laurent
	Mouchard},
  title = {Dynamic extended suffix arrays},
  journal = {Journal of Discrete Algorithms},
  year = {2010},
  volume = {8},
  pages = {241-257},
  number = {2},
  comment = {Merkkijonossa tapahtuvien muutosten suhteen dynaaminen Extended Suffix
	Array. Perustuu vastaavaan BWT-algoritmiin (Salson2009a). Nopeus
	samaa luokkaa kuin dynaamisilla ylipäänsä. Käytännössä FM-indeksi.},
  doi = {10.1016/j.jda.2009.02.007},
  file = {Salson2009.pdf:jltsiren/Salson2009.pdf:PDF},
  keywords = {dynamic, suffix array, edit operations, algorithm design, self-index
	data structures, FM-index},
  owner = {jltsiren},
  timestamp = {2009.04.06}
}

@ARTICLE{Salson2009a,
  author = {Mikaël Salson and Thierry Lecroq and Martine Léonard and Laurent
	Mouchard},
  title = {A four-stage algorithm for updating a {B}urrows-{W}heeler transform},
  journal = {Theoretical Computer Science},
  year = {2009},
  volume = {410},
  pages = {4350-4359},
  number = {43},
  comment = {Merkkijonossa tapahtuvien muutosten suhteen dynaaminen BWT. Nopeustesti
	mukana. Salson2009 laajentaa FM-indeksiksi.},
  doi = {10.1016/j.tcs.2009.07.016},
  file = {Salson2009a.pdf:jltsiren/Salson2009a.pdf:PDF},
  keywords = {Burrows-Wheeler transform, compression, dynamic, suffix array, edit
	operations, algorithm design, self-index data structures},
  owner = {jltsiren},
  timestamp = {2009.04.06}
}

@INPROCEEDINGS{Siren2009,
  author = {Sirén, Jouni},
  title = {Compressed Suffix Arrays for Massive Data},
  booktitle = {Proceedings of the 16th Symposium on String Processing and Information
	Retrieval (SPIRE 2009)},
  year = {2009},
  volume = {5721},
  series = {LNCS},
  pages = {63-74},
  publisher = {Springer},
  comment = {Algoritmi kahden CSA:n yhdistämiseen ja siitä johdettu rinnakkaistuva
	ja hajautuva muodostamisalgoritmi.},
  doi = {10.1007/978-3-642-03784-9_7},
  file = {Siren2009.pdf:jltsiren/Siren2009.pdf:PDF},
  owner = {jltsiren},
  timestamp = {2009.08.25}
}

@ELECTRONIC{Siren2011a,
  author = {Jouni Sirén and Niko Välimäki and Veli Mäkinen},
  year = {2011},
  title = {Indexing Finite Language Representation of Population Genotypes},
  note = {arXiv:1010.2656v4},
  url = {http://arxiv.org/abs/1010.2656},
  comment = {Täysi versio Siren2011:stä.},
  file = {Siren2011a.pdf:jltsiren/Siren2011a.pdf:PDF},
  owner = {jltsiren},
  timestamp = {2012.05.14}
}

@INPROCEEDINGS{Siren2008,
  author = {Sirén, Jouni and Välimäki, Niko and Mäkinen, Veli and Navarro, Gonzalo},
  title = {Run-length compressed indexes are superior for highly repetitive
	sequence collections},
  booktitle = {Proceedings of the 15th Symposium on String Processing and Information
	Retrieval (SPIRE 2008)},
  year = {2008},
  volume = {5280},
  series = {LNCS},
  pages = {164-175},
  publisher = {Springer},
  comment = {Juoksujen suhteen tiivistetyt CSA:t, jotka tukevat count-kyselyä.
	Journal-versio Maekinen2010.},
  doi = {10.1007/978-3-540-89097-3_17},
  file = {Siren2008.pdf:jltsiren/Siren2008.pdf:PDF},
  owner = {jltsiren},
  timestamp = {2008.09.16}
}

@ARTICLE{Ukkonen1995,
  author = {Ukkonen, Esko},
  title = {On-line construction of suffix trees},
  journal = {Algorithmica},
  year = {1995},
  volume = {14},
  pages = {249-260},
  number = {3},
  comment = {Ukkosen algoritmi. Loppuosapuun online-muodostaminen lineaarisessa
	ajassa.},
  doi = {10.1007/BF01206331},
  file = {Ukkonen1995.pdf:jltsiren/Ukkonen1995.pdf:PDF},
  keywords = {linear-time algorithm, suffix tree, suffix trie, suffix automaton,
	DAWG},
  owner = {jltsiren},
  timestamp = {2010.11.29}
}

@INPROCEEDINGS{Weiner1973,
  author = {Weiner, Peter},
  title = {Linear pattern matching algorithms},
  booktitle = {Proceedings of the 14th Annual IEEE Symposium on Switching and Automata
	Theory (FOCS 1973)},
  year = {1973},
  pages = {1-11},
  publisher = {IEEE},
  comment = {Loppuosapuut.},
  doi = {10.1109/SWAT.1973.13},
  file = {Weiner1973.pdf:jltsiren/Weiner1973.pdf:PDF},
  owner = {jltsiren},
  timestamp = {2011.03.02}
}

@comment{jabref-meta: selector_publisher:}

@comment{jabref-meta: selector_author:}

@comment{jabref-meta: selector_journal:}

@comment{jabref-meta: selector_keywords:}

