%% This BibTeX bibliography file was created using BibDesk.
%% http://bibdesk.sourceforge.net/


%% Created for _nrnoyes at 2015-10-24 12:50:25 -0600 


%% Saved with string encoding Unicode (UTF-8) 

BMC Genomics. 2014; 15(Suppl 6): S6.
Published online 2014 Oct 17. doi:  10.1186/1471-2164-15-S6-S6
PMCID: PMC4240671
Yu Lin,1 Sergey Nurk,2,3 and Pavel A Pevznercorresponding author1

@article{Lin,
  title={What is the difference between the breakpoint graph and the de Bruijn graph?},
  author={Lin, Y. and Nurk, S. and Pevzner, P.},
  journal={BMC Genomics},
  volume={15},
  number={Suppl 6},
  pages={S6},
  year={2014},
}

@article{splitmem,
  title={SplitMEM: A graphical algorithm for pan-genome analysis with suffix skips},
  author={Marcus, Shoshana and Lee, Hayan and Schatz, Michael C},
  journal={Bioinformatics},
  volume={30},
  number={24},
  pages={3476--3483},
  year={2014},
  publisher={Oxford Univ Press}
}

@article{SBT,
  title={Large-Scale Search of Transcriptomic Read Sets with Sequence Bloom Trees},
  author={Solomon, Brad and Kingsford, Carleton},
  journal={bioRxiv},
  pages={017087},
  year={2015},
  publisher={Cold Spring Harbor Labs Journals}
}

@article{BFT,
  title={Bloom Filter Trie--A Data Structure for Pan-Genome Storage},
  author={Holley, Guillaume and Wittler, Roland and Stoye, Jens},
  journal={Algorithms in Bioinformatics},
  pages={217--230},
  year={2015},
  publisher={Springer}
}


@article{carbapenem_review,
	Author = {Anne Marie Queenan and Karen Bush},
	Journal = {Clinical Microbiology Reviews},
	Number = {3},
	Pages = {440--458},
	Title = {Carbapenemases: the Versatile beta-lactamases},
	Volume = {7},
	Year = {2007}}

@article{port_2014_metagenomics_AMR_monitoring,
	Author = {Jesse A. Port and Alison C. Cullen and James C. Wallace and Marissa N. Smith and Elaine M. Faustman},
	Journal = {Environmental. Health Perspectives},
	Number = {3},
	Title = {Metagenomic Frameworks for Monitoring Antibiotic Resistance in Aquatic Environments},
	Volume = {122},
	Year = {2014}}

@article{baquero_metagenomic_epi,
	Author = {Baquero, F. and others},
	Journal = {Clinical Microbiology and Infection},
	Number = {4},
	Pages = {67-73},
	Title = {Metagenomic epidemiology: a public health need for the control of antimicrobial resistance},
	Volume = {18},
	Year = {2012}}

@article{megahit,
	Author = {Li, D. and Liu, C.-M. and Luo, R. and Sadakane, K. and Lam, T.-W.},
	Title = {{MEGAHIT}: An ultra-fast single-node solution for large and complex metagenomics assembly via succinct de {B}ruijn graph},
	Year = {2015},
	journal={Bioinformatics},
	volume={31},
	number={10},
	pages={1674--1676}}

@article{idbaud,
	Author = {Peng, Y. and Leung, H. C. and Yiu, S. M. and Chin, F. Y.},
	Journal = {Bioinformatics},
	Number = {11},
	Pages = {1420--1428},
	Title = {{{IDBA-UD}: a {\em de novo} assembler for single-cell and metagenomic sequencing data with highly uneven depth}},
	Volume = {28},
	Year = {2012}}

@article{wabi,
	Author = {Chikhi, R. and Rizk, G.},
	Journal = {Algorithms for Molecular Biology},
	Number = {1},
	page={22},
	Title = {Space-efficient and exact de {Bruijn} graph representation based on a {Bloom} filter},
	Volume = {8},
	Year = {2013}}

@inproceedings{kkp2014,
	Author = {Juha K{\"{a}}rkk{\"{a}}inen and Dominik Kempa and Simon J. Puglisi},
	Booktitle = {Proc. of DCC},
	Pages = {302--311},
	Title = {Hybrid Compression of Bitvectors for the {FM}-Index},
	Year = {2014}}

@inproceedings{bitvector,
	Author = {Okanohara, D. and Sadakane, K.},
	Booktitle = {Proc. ALENEX},
	Pages = {60--70},
	Publisher = {SIAM},
	Title = {Practical Entropy-Compressed Rank/Select Dictionary},
	Year = {2007}}

@article{Simpson:2009,
	Author = {Simpson, J. T. and Wong, K. and Jackman, S. D. and Schein, J. E. and Jones, S. J. and Birol, I.},
	Journal = {Genome Research},
	Number = {6},
	Pages = {1117--1123},
	Title = {{ABySS}: a parallel assembler for short read sequence data},
	Volume = {19},
	Year = {2009}}

@article{conway,
	Author = {Conway, T. C. and Bromage, A. J.},
	Journal = {Bioinformatics},
	Number = {4},
	Pages = {479--486},
	Title = {Succinct data structures for assembling large genomes},
	Volume = {27},
	Year = {2011}}

@inproceedings{paul,
	Author = {Chikhi, R. and Limasset, A. and Jackman, S. and Simpson, J. T. and Medvedev, P.},
	Booktitle = {Proc. {RECOMB}},
	Pages = {35--55},
	Title = {On the representation of de {B}ruijn graphs},
	Year = {2014}}

@article{arabidopsis,
	Author = {Weigel, D. and Mott, R.},
	Journal = {Genome Biology},
	Number = {5},
	Pages = {107},
	Title = {The 1001 Genomes Project for {Arabidopsis thaliana}},
	Volume = {10},
	Year = {2009}}

@article{tomato1,
	Author = {Causse, M. and others},
	Journal = {BMC Genomics},
	Pages = {791},
	Title = {Whole genome resequencing in tomato reveals variation associated with introgression and breeding events},
	Volume = {14},
	Year = {2013}}

@article{tomato2,
	Author = {Kobayashi, M. and others},
	Journal = {Plant Cell Physiology},
	Number = {2},
	Pages = {445--454},
	Title = {Genome-wide analysis of intraspecific {DNA} polymorphism in ``Micro-Tom'', a model cultivar of tomato (Solanum lycopersicum)},
	Volume = {55},
	Year = {2014}}

@article{Robinson:2011,
	Author = {Robinson, G. E. and others},
	Journal = {Science},
	Number = {6023},
	Pages = {1386},
	Title = {Creating a buzz about insect genomes},
	Volume = {331},
	Year = {2011}}

@article{Haussler:2009,
	Author = {{Genome 10K~Community of~Scientists}},
	Journal = {Journal of Heredity},
	Number = {6},
	Pages = {659--674},
	Title = {{Genome 10K: A proposal to obtain whole-genome sequence for 10,000 vertebrate species}},
	Volume = {100},
	Year = {2009}}

@article{ismb2015,
	Author = {Muggli, M. D. and Puglisi, S. J. and Ronen, R. and Boucher, C.},
	Journal = {Bioinformatics (special issue of ISMB 2015)},
	Number = {12},
	Pages = {i80--i88},
	Title = {Misassembly detection using paired-end sequence reads and optical mapping data},
	Volume = {31},
	Year = {2015}}

@article{sequel,
	Author = {Ronen, R. and Boucher, C. and Chitsaz, H. and Pevzner, P.},
	Journal = {Bioinformatics (special issue of ISMB 2012)},
	Number = {12},
	Pages = {i188--i196},
	Title = {{SEQuel}: Improving the Accuracy of Genome Assemblies},
	Volume = {28},
	Year = {2012}}

@article{huang,
	Author = {Huang, W. and Li, L. and Myers, J. R. and Marth, G. T.},
	Journal = {Bioinformatics},
	Number = {4},
	Pages = {593-4},
	Title = {{ART}: a next-generation sequencing read simulator},
	Volume = {28},
	Year = {2012}}

@article{weizhong,
	Author = {Weizhong Li, Lukasz Jaroszewski and Adam Godzik},
	Journal = {Bioinformatics},
	Number = {3},
	Pages = {282-3},
	Title = {Clustering of highly homologous sequences to reduce the size of large protein database},
	Volume = {17},
	Year = {2001}}

@article{zankari,
	Author = {Zankari, E. and others},
	Journal = {Antimicrobial Agents and Chemotherapy},
	Number = {11},
	Pages = {2640-2644},
	Title = {Identification of acquired antimicrobial resistance genes.},
	Volume = {67},
	Year = {2012}}

@article{gupta,
	Author = {Gupta, S. and others},
	Journal = {Antimicrobial Agents and Chemotherapy},
	Number = {1},
	Pages = {212-20},
	Title = {{ARG-ANNOT}, a new bioinformatic tool to discover antibiotic resistance genes in bacterial genomes.},
	Volume = {58},
	Year = {2014}}

@article{mcarthur,
	Author = {McArthur, A. G. and others},
	Journal = {Antimicrobial Agents and Chemotherapy},
	Pages = {3348-3357},
	Title = {The comprehensive antibiotic resistance database.},
	Volume = {57},
	Year = {2013}}

@article{mckenna,
	Author = {McKenna, Maryn},
	Journal = {Nature},
	Pages = {394-396},
	Title = {Antibiotic resistance: The last resort},
	Volume = {499},
	Year = {2013}}

@article{how,
	Author = {Compeau, P. E. and Pevzner, P. A. and Tesler, G.},
	Journal = {Nature Biotechnology},
	Pages = {987--991},
	Title = {How to apply de Bruijn graphs to genome assembly},
	Volume = {29},
	Year = {2011}}

@inproceedings{BGGMS14,
	Author = {Belazzougui, D. and Gagie, T. and Gog, S. and Manzini, G. and Sir\'{e}n, J.},
	Booktitle = {Proc. of SPIRE},
	Pages = {52--64},
	Title = {Relative {FM}-Indexes},
	Year = {2014}}

@inproceedings{BP15,
	Author = {Bonissone, S. R. and Pevzner, P. A.},
	Booktitle = {Proc.\ RECOMB},
	Pages = {44--59},
	Title = {Immunoglobin classification using the colored antibody graph},
	Year = {2015}}

@inproceedings{BBGPS15,
	Author = {Boucher, C. and Bowe, A. and Gagie, T. and Puglisi, S. J. and Sadakane, K.},
	Booktitle = {Proc. of DCC},
	Title = {Variable-Order de {Bruijn} Graphs},
	Year = {2015}}

@inproceedings{BOSS12,
	Author = {Bowe, A. and Onodera, T. and Sadakane, K. and Shibuya, T.},
	Booktitle = {Proc.\ WABI},
	Pages = {225--235},
	Title = {Succinct de {Bruijn} Graphs},
	Year = {2012}}

@techreport{BW94,
	Author = {Burrows, M. and Wheeler, D. J.},
	Institution = {Digital Equipment Corporation},
	Number = {124},
	Title = {A Block Sorting Lossless Data Compression Algorithm},
	Year = 1994}

@article{FM05,
	Author = {Ferragina, P. and Manzini, G.},
	Journal = {Journal of the ACM},
	Pages = {552--581},
	Title = {Indexing Compressed Text},
	Volume = 52,
	Year = 2005}

@inproceedings{GBMP14,
	Author = {Gog, S. and Beller, T. and Moffat, A. and Petri, M.},
	Booktitle = {Proc.\ SEA},
	Pages = {326--337},
	Title = {From Theory to Practice: Plug and Play with Succinct Data Structures},
	Year = {2014}}

@article{IW95,
	Author = {Idury, R. M. and Waterman, M. S.},
	Journal = {Journal of  Computational Biology},
	Pages = {291--306},
	Title = {A new algorithm for {DNA} sequence assembly},
	Volume = {2},
	Year = {1995}}

@article{ICTFM12,
	Author = {Iqbal, Z. and Caccamo, M. and Turner, I. and Flicek, P. and McVean, G.},
	Journal = {Nature Genetics},
	Pages = {226--232},
	Title = {De novo assembly and genotyping of variants using colored de {Bruijn} graphs},
	Volume = {44},
	Year = {2012}}

@article{PTW01,
	Author = {Pevzner, P. A. and Tang, H. and Waterman, M. S.},
	Journal = {Proc.\ Nat.\ Acad.\ Sci.},
	Pages = {9748--9753},
	Title = {An {E}ulerian path approach to {DNA} fragment assembly},
	Volume = {98},
	Year = {2001}}

@article{RRR07,
	Author = {Raman, R. and Raman, V. and Rao Satti, S.},
	Journal = {ACM Trans.\ Algorithms},
	Pages = {43},
	Title = {Succinct indexable dictionaries with applications to encoding $k$-ary trees, prefix sums and multisets},
	Volume = {3},
	Year = {2007}}

@article{Rozowsky2011,
	Author = {Rozowsky, J. and others},
	Journal = {Molecular Systems Biology},
	Pages = {522},
	Title = {{AlleleSeq}: analysis of allele\mbox{-}specific expression and binding in a network framework},
	Volume = {7},
	Year = {2011}}

@article{swarbreck,
	Author = {Swarbreck, D. and others},
	Journal = {Nucleic Acids Research.},
	Pages = {D1009-14},
	Title = {The {Arabidopsis} Information Resource ({TAIR}): gene structure and function annotation},
	Volume = {36},
	Year = {2008}}

@article{rice,
	Author = {Tanaka, T. and others},
	Journal = {Nucleic Acids Research},
	Pages = {D1028-33},
	Title = {The Rice Annotation Project Database ({RAP-DB}): 2008 update.},
	Volume = {36},
	Year = {2008}}

@article{corn,
	Author = {Schnable, P. and others},
	Journal = {Science},
	Pages = {1112-1115},
	Title = {The {B73} Maize Genome: Complexity, Diversity, and Dynamics},
	Volume = {326},
	Year = {2009}}


@article{noyes2016resistome,
  title={Resistome diversity in cattle and the environment decreases during beef production},
  author={Noyes, Noelle R and Yang, Xiang and Linke, Lyndsey M and Magnuson, Roberta J and Dettenwanger, Adam and Cook, Shaun and Geornaras, Ifigenia and Woerner, Dale E and Gow, Sheryl P and McAllister, Tim A and others},
  journal={eLife},
  volume={5},
  pages={e13195},
  year={2016},
  publisher={eLife Sciences Publications Limited}
}



@article{KMC2,
  title={{KMC 2}: Fast and resource-frugal k-mer counting},
  author={Deorowicz, Sebastian and Kokot, Marek and Grabowski, Szymon and Debudaj-Grabysz, Agnieszka},
  journal={Bioinformatics},
  volume={31},
  number={10},
  pages={1569--1576},
  year={2015},
  publisher={Oxford Univ Press}
}


@article{elias1974efficient,
  title={Efficient storage and retrieval by content and address of static files},
  author={Elias, Peter},
  journal={Journal of the ACM },
  volume={21},
  number={2},
  pages={246--260},
  year={1974},
  publisher={ACM}
}

@book{fano1971number,
  title={On the number of bits required to implement an associative memory},
  author={Fano, Robert Mario},
  year={1971},
  publisher={Massachusetts Institute of Technology, Project MAC}
}

@book{Navarro16,
  author    = {Gonzalo Navarro},
  title     = {Compact Data Structures - {A} Practical Approach},
  publisher = {Cambridge University Press},
  year      = {2016}
}







%%%%%%%%%%%%%%%%%%%%%%%%%%%%%%%%%%%

{EMBL-EBI-Metagenomics}
EMBL-EBI Metagenomics. Local surveillance of infectious diseases and antimicrobial resistance from sewage: Project (ERP015410). 2016. (25 October 2016, date last accessed).

How to cite
To cite EBI Metagenomics, please refer to the following publication:

Alex Mitchell, Francois Bucchini, Guy Cochrane, Hubert Denise, Petra ten Hoopen, Matthew Fraser, Sebastien Pesseat, Simon Potter, Maxim Scheremetjew, Peter Sterk and Robert D. Finn (2015).
EBI metagenomics in 2016 - an expanding and evolving resource for the analysis and archiving of metagenomic data. Nucleic Acids Research (2015) doi: 10.1093/nar/gkv1195

@misc{EMBL-EBI-Metagenomics,
  title={Local surveillance of infectious diseases and antimicrobial resistance from sewage},
  author={{EMBL-EBI Metagenomics}},
  year={2016},
  note={Project (ERP015410), 25 October 2016, date last accessed}
}


{FAOActionPlan2016}
Food and Agricultural Organization of the United Nations. The FAO action plan on antimicrobial resistance 2016-2020: Rome, Italy. 2016. (25 October 2016, date last accessed).

@misc{FAOActionPlan2016,
  author={{Food and Agricultural Organization of the United Nations}},
  title={The {FAO} action plan on antimicrobial resistance 2016-2020},
  year={2016},
  note={Rome, Italy. 2016. (25 October 2016, date last accessed)}
}  


{Miller2013}
Miller R.R.,  Montoya V.,  Gardy J.L.,  Patrick D.M.,  Tang P.  Metagenomics for pathogen detection in public health. Genome Med. 2013;5:81.

@article{Miller2013,
  title={Metagenomics for pathogen detection in public health},
  author={Miller, Ruth R and Montoya, Vincent and Gardy, Jennifer L and Patrick, David M and Tang, Patrick},
  journal={Genome Medicine},
  volume={5},
  number={9},
  pages={1},
  year={2013},
  publisher={BioMed Central}
}

{CARB}
The White House. National Action Plan for Combating Antibiotic Resistant Bacteria. 2015. (25 October 2016, date last accessed).

@article{CARB,
  title={National action plan for combating antibiotic-resistant bacteria},
  author={{The White House}},
  journal={Washington, DC},
  year={2015}
}

{King2016}
Paula King, Long K. Pham, Shannon Waltz, Dan Sphar, Robert T. Yamamoto, Douglas Conrad, Randy Taplitz, Francesca Torriani, R. Allyn Forsyth. Longitudinal Metagenomic Analysis of Hospital Air Identifies Clinically Relevant Microbes. PLoSONE. Published: August 2, 2016
http://dx.doi.org/10.1371/journal.pone.0160124


@article{King2016,
  title={Longitudinal Metagenomic Analysis of Hospital Air Identifies Clinically Relevant Microbes},
  author={King, Paula and Pham, Long K and Waltz, Shannon and Sphar, Dan and Yamamoto, Robert T and Conrad, Douglas and Taplitz, Randy and Torriani, Francesca and Forsyth, R Allyn},
  journal={PLoS ONE},
  volume={11},
  number={8},
  pages={e0160124},
  year={2016},
  publisher={Public Library of Science}
}




{Baquero2013}
Baquero F., Tedim A.-S.P., Coque T.M. Antibiotic resistance shaping multi-level population biology of bacteria. Front. Microbiol. 2013;4:15.

@article{Baquero2013,
  title={Antibiotic resistance shaping multi-level population biology of bacteria},
  author={Baquero, Fernando and Tedim, Ana-Sofia P and Coque, Teresa M},
  journal={Frontiers in Microbiology},
  volume={4},
  pages={15},
  year={2013},
  publisher={Frontiers}
}

{MacLean2010}
MacLean R.C., Hall A.R., Perron G.G., Buckling A. The population genetics of antibiotic resistance: integrating molecular mechanisms and treatment contexts. Nat. Rev. Genet. 2010;11:405-414.

@article{MacLean2010,
  title={The population genetics of antibiotic resistance: integrating molecular mechanisms and treatment contexts},
  author={MacLean, R Craig and Hall, Alex R and Perron, Gabriel G and Buckling, Angus},
  journal={Nature Reviews Genetics},
  volume={11},
  number={6},
  pages={405--414},
  year={2010},
  publisher={Nature Publishing Group}
}

@article{bolger2014trimmomatic,
  title={Trimmomatic: a flexible trimmer for {I}llumina sequence data},
  author={Bolger, Anthony M and Lohse, Marc and Usadel, Bjoern},
  journal={Bioinformatics},
  pages={2114-2120},
volume=30,
number=15,
  year={2014},
  publisher={Oxford Univ Press}
}

%Bioinformatics (2014) 30 (15): .