@article{brenner2000salmonella,
  title={Salmonella nomenclature},
  author={Brenner, FW and Villar, RG and Angulo, FJ and Tauxe, R and Swaminathan, B},
  journal={Journal of clinical microbiology},
  volume={38},
  number={7},
  pages={2465--2467},
  year={2000},
  publisher={Am Soc Microbiol}
}

@article{euzeby1900revised,
  title={Revised Salmonella nomenclature: designation of Salmonella enterica (ex Kkauffmann and Edwards 1952) Le Minor and Poppof 1987 sp},
  author={Euz{\'e}by, JP},
  journal={Nov., nom. Rev. As the neotype species of the genus Salmonella Lignieres},
  year={1900}
}

