@article{boucher2014variable,
  title={Variable-Order de Bruijn Graphs},
  author={Boucher, Christina and Bowe, Alex and Gagie, Travis and Puglisi, Simon J and Sadakane, Kunihiko},
  journal={Data Compression Conference (DCC)},
  year={2015},
  pages={383-392}
}

@article{lin2012agora,
  title={AGORA: assembly guided by optical restriction alignment},
  author={Lin, Henry C and Goldstein, Steve and Mendelowitz, Lee and Zhou, Shiguo and Wetzel, Joshua and Schwartz, David C and Pop, Mihai},
  journal={BMC bioinformatics},
  volume={13},
  number={1},
  pages={189},
  year={2012},
  publisher={BioMed Central Ltd}
}

@incollection{myers2014efficient,
  title={Efficient local alignment discovery amongst noisy long reads},
  author={Myers, Gene},
  booktitle={Algorithms in Bioinformatics},
  pages={52--67},
  year={2014},
  publisher={Springer}
}

@article{nagarajan2008,
  title={Scaffolding and validation of bacterial genome assemblies using optical restriction maps},
  author={Nagarajan, Niranjan and Read, Timothy D and Pop, Mihai},
  journal={Bioinformatics},
  volume={24},
  number={10},
  pages={1229--1235},
  year={2008},
  publisher={Oxford Univ Press}
}

@article{siren2014indexing,
  title={Indexing graphs for path queries with applications in genome research},
  author={Sir{\'e}n, Jouni and Valimaki, Niko and Makinen, Veli},
  journal={Computational Biology and Bioinformatics, IEEE/ACM Transactions on},
  volume={11},
  number={2},
  pages={375--388},
  year={2014},
  publisher={IEEE}
}

@article{medvedev2011paired,
  title={Paired de bruijn graphs: a novel approach for incorporating mate pair information into genome assemblers},
  author={Medvedev, Paul and Pham, Son and Chaisson, Mark and Tesler, Glenn and Pevzner, Pavel},
  journal={Journal of Computational Biology},
  volume={18},
  number={11},
  pages={1625--1634},
  year={2011},
  publisher={Mary Ann Liebert, Inc. 140 Huguenot Street, 3rd Floor New Rochelle, NY 10801 USA}
}

@article{parrish2013genome,
  title={Genome reassembly with high-throughput sequencing data},
  author={Parrish, Nathaniel and Sudakov, Benjamin and Eskin, Eleazar},
  journal={BMC genomics},
  volume={14},
  number={Suppl 1},
  pages={S8},
  year={2013},
  publisher={BioMed Central Ltd}
}

@article{chikhi2013informed,
  title={Informed and automated k-mer size selection for genome assembly},
  author={Chikhi, Rayan and Medvedev, Paul},
  journal={Bioinformatics},
  pages={btt310},
  year={2013},
  publisher={Oxford Univ Press}
}

@article{deorowicz2015kmc,
  title={KMC 2: Fast and resource-frugal k-mer counting},
  author={Deorowicz, Sebastian and Kokot, Marek and Grabowski, Szymon and Debudaj-Grabysz, Agnieszka},
  journal={Bioinformatics},
  volume={31},
  number={10},
  pages={1569--1576},
  year={2015},
  publisher={Oxford Univ Press}
}

@article{simpson2010efficient,
  title={Efficient construction of an assembly string graph using the FM-index},
  author={Simpson, Jared T and Durbin, Richard},
  journal={Bioinformatics},
  volume={26},
  number={12},
  pages={i367--i373},
  year={2010},
  publisher={Oxford Univ Press}
}

@article{pevzner2001eulerian,
  title={An Eulerian path approach to DNA fragment assembly},
  author={Pevzner, Pavel A and Tang, Haixu and Waterman, Michael S},
  journal={Proceedings of the National Academy of Sciences},
  volume={98},
  number={17},
  pages={9748--9753},
  year={2001},
  publisher={National Acad Sciences}
}

@article{needleman1970general,
  title={A general method applicable to the search for similarities in the amino acid sequence of two proteins},
  author={Needleman, Saul B and Wunsch, Christian D},
  journal={Journal of molecular biology},
  volume={48},
  number={3},
  pages={443--453},
  year={1970},
  publisher={Elsevier}
}

@article{smith1981identification,
  title={Identification of common molecular subsequences},
  author={Smith, Temple F and Waterman, Michael S},
  journal={Journal of molecular biology},
  volume={147},
  number={1},
  pages={195--197},
  year={1981},
  publisher={Elsevier}
}

@article{burrows1994block,
  title={A block-sorting lossless data compression algorithm},
  author={Burrows, Michael and Wheeler, David J},
  year={1994},
  publisher={Citeseer}
}

@inproceedings{ferragina2000opportunistic,
  title={Opportunistic data structures with applications},
  author={Ferragina, Paolo and Manzini, Giovanni},
  booktitle={Foundations of Computer Science, 2000. Proceedings. 41st Annual Symposium on},
  pages={390--398},
  year={2000},
  organization={IEEE}
}

@article{manber1993suffix,
  title={Suffix arrays: a new method for on-line string searches},
  author={Manber, Udi and Myers, Gene},
  journal={siam Journal on Computing},
  volume={22},
  number={5},
  pages={935--948},
  year={1993},
  publisher={SIAM}
}

@article{compeau2011apply,
  title={How to apply de Bruijn graphs to genome assembly},
  author={Compeau, Phillip EC and Pevzner, Pavel A and Tesler, Glenn},
  journal={Nature biotechnology},
  volume={29},
  number={11},
  pages={987--991},
  year={2011},
  publisher={Nature Publishing Group}
}
@article{nagarajan2013sequence,
  title={Sequence assembly demystified},
  author={Nagarajan, Niranjan and Pop, Mihai},
  journal={Nature Reviews Genetics},
  volume={14},
  number={3},
  pages={157--167},
  year={2013},
  publisher={Nature Publishing Group}
}

@article{staden1980new,
  title={A new computer method for the storage and manipulation of DNA gel reading data},
  author={Staden, R},
  journal={Nucleic Acids Research},
  volume={8},
  number={16},
  pages={3673--3694},
  year={1980},
  publisher={Oxford Univ Press}
}

@article{myers1995toward,
  title={Toward simplifying and accurately formulating fragment assembly},
  author={Myers, Eugene W},
  journal={Journal of Computational Biology},
  volume={2},
  number={2},
  pages={275--290},
  year={1995}
}

@inbook{
    ORMenc,
    title = {{Encyclopedia of Analytical Chemistry}},
    chapter = {Optical Mapping in Genomic Analysis},
    author = {Aston, C. and Schwartz, D.C.},
    publisher = {Wiley},
    pages = {5105--5121},
    year = {2006}
}


@article{quail2012tale,
  title={A tale of three next generation sequencing platforms: comparison of Ion Torrent, Pacific Biosciences and Illumina MiSeq sequencers},
  author={Quail, Michael A and Smith, Miriam and Coupland, Paul and Otto, Thomas D and Harris, Simon R and Connor, Thomas R and Bertoni, Anna and Swerdlow, Harold P and Gu, Yong},
  journal={BMC genomics},
  volume={13},
  number={1},
  pages={341},
  year={2012},
  publisher={BioMed Central Ltd}
}
