
@Article{	  Abecasis12,
  author	= {{The 1000 Genomes Project Consortium}},
  journal	= {Nature},
  number	= {7422},
  pages		= {56--65},
  title		= {{{A}n integrated map of genetic variation from 1,092 human
		  genomes}},
  volume	= {491},
  year		= {2012}
}

@Article{	  Abecasis12full,
  author	= {Abecasis, G. R. and others.},
  journal	= {Nature},
  number	= {7422},
  pages		= {56--65},
  title		= {{{A}n integrated map of genetic variation from 1,092 human
		  genomes}},
  volume	= {491},
  year		= {2012}
}

@InProceedings{Ali18,
author="Alipanahi, Bahar
and Kuhnle, Alan
and Boucher, Christina",
editor="Gagie, Travis
and Moffat, Alistair
and Navarro, Gonzalo
and Cuadros-Vargas, Ernesto",
title="Recoloring the Colored de Bruijn Graph",
booktitle="String Processing and Information Retrieval",
year="2018",
publisher="Springer International Publishing",
address="Cham",
pages="1--11",
isbn="978-3-030-00479-8"
}

@Article{	  alkan2011limitations,
  author	= {Alkan, C. and Sajjadian, S. and Eichler, E. E.},
  journal	= {Nat. Methods},
  number	= {1},
  pages		= {61--65},
  title		= {Limitations of next-generation genome sequence assembly},
  volume	= {8},
  year		= {2011}
}

@Article{	  arabidopsis,
  author	= {Weigel, D. and Mott, R.},
  journal	= {Genome Biology},
  number	= {5},
  pages		= {107},
  title		= {The 1001 Genomes Project for {Arabidopsis thaliana}},
  volume	= {10},
  year		= {2009}
}

@Article{	  assemblathon2,
  abstract	= {The process of generating raw genome sequence data
		  continues to become cheaper, faster, and more accurate.
		  However, assembly of such data into high-quality, finished
		  genome sequences remains challenging. Many genome assembly
		  tools are available, but they differ greatly in terms of
		  their performance (speed, scalability, hardware
		  requirements, acceptance of newer read technologies) and in
		  their final output (composition of assembled sequence).
		  More importantly, it remains largely unclear how to best
		  assess the quality of assembled genome sequences. The
		  Assemblathon competitions are intended to assess current
		  state-of-the-art methods in genome assembly.},
  author	= {Bradnam, Keith R. and others},
  doi		= {10.1186/2047-217X-2-10},
  issn		= {2047-217X},
  journal	= {GigaScience},
  number	= {1},
  pages		= {1--31},
  title		= {Assemblathon 2: evaluating de novo methods of genome
		  assembly in three vertebrate species},
  url		= {http://dx.doi.org/10.1186/2047-217X-2-10},
  volume	= {2},
  year		= {2013},
  bdsk-url-1	= {http://dx.doi.org/10.1186/2047-217X-2-10}
}

@Article{	  bankevich2012spades,
  author	= {Bankevich, A. and others},
  journal	= {J. Comput. Biol.},
  number	= {5},
  pages		= {455--477},
  title		= {{SPAdes}: a new genome assembly algorithm and its
		  applications to single-cell sequencing},
  volume	= {19},
  year		= {2012}
}

@Article{	  Baquero2013,
  title		= {Antibiotic resistance shaping multi-level population
		  biology of bacteria},
  author	= {Baquero, Fernando and Tedim, Ana-Sofia P and Coque, Teresa
		  M},
  journal	= {Frontiers in Microbiology},
  volume	= {4},
  pages		= {15},
  year		= {2013},
  publisher	= {Frontiers}
}

@Article{	  baquero_metagenomic_epi,
  author	= {Baquero, F. and others},
  journal	= {Clinical Microbiology and Infection},
  number	= {4},
  pages		= {67-73},
  title		= {Metagenomic epidemiology: a public health need for the
		  control of antimicrobial resistance},
  volume	= {18},
  year		= {2012}
}

@Article{	  BatJaf02,
  author	= {S. Batzoglou and D.~B. Jaffe and K. Stanley and J. Butler
		  and S. Gnerre and E. Mauceli and B. Berger and J.~P.
		  Mesirov and E.~S. Lander},
  journal	= {Genome Research},
  pages		= {177-189},
  title		= {ARACHNE: a whole-genome shotgun assembler},
  volume	= {12},
  year		= {2002}
}

@Article{	  bayeshammer,
  author	= {Nikolenko, S.I. and Korobeynikov, A.I. and Alekseyev,
		  M.A.},
  journal	= {BMC Genomics},
  number	= {Suppl 1},
  pages		= {S7},
  title		= {{BayesHammer}: bayesian clustering for error correction in
		  single-cell sequencing},
  volume	= 14,
  year		= 2013
}


@InProceedings{Bel16,
author="Belazzougui, Djamal
and Gagie, Travis
and M{\"a}kinen, Veli
and Previtali, Marco",
editor="Inenaga, Shunsuke
and Sadakane, Kunihiko
and Sakai, Tetsuya",
title="Fully Dynamic de Bruijn Graphs",
booktitle="String Processing and Information Retrieval",
year="2016",
publisher="Springer International Publishing",
address="Cham",
pages="145--152",
isbn="978-3-319-46049-9"
}

@article{Bel18,
author = {Belazzougui, Djamal and Gagie, Travis and MÃ¤kinen, Veli and Previtali, Marco and Puglisi, Simon J.},
title = {Bidirectional Variable-Order de Bruijn Graphs},
journal = {International Journal of Foundations of Computer Science},
volume = {29},
number = {08},
pages = {1279--1295},
year = {2018},
doi = {10.1142/S0129054118430037},
}

@Article{	  benson1995space,
  author	= {Benson, G.},
  journal	= {Theor. Comput. Sci.},
  number	= {1},
  pages		= {357--369},
  publisher	= {Elsevier},
  title		= {A space efficient algorithm for finding the best
		  nonoverlapping alignment score},
  volume	= {145},
  year		= {1995}
}

@Article{	  BFT,
  author	= {Holley, Guillaume and Wittler, Roland and Stoye, Jens},
  journal	= {Algorithms in Bioinformatics},
  pages		= {217--230},
  publisher	= {Springer},
  title		= {Bloom Filter Trie--A Data Structure for Pan-Genome
		  Storage},
  year		= {2015}
}

@InProceedings{	  BGGMS14,
  author	= {Belazzougui, D. and Gagie, T. and Gog, S. and Manzini, G.
		  and Sir\'{e}n, J.},
  booktitle	= {Proc. of SPIRE},
  pages		= {52--64},
  title		= {Relative {FM}-Indexes},
  year		= {2014}
}

@InProceedings{	  bitvector,
  author	= {Okanohara, D. and Sadakane, K.},
  booktitle	= {Proc. of Workshop on Algorithm Engineering and Experiments
		  (ALENEX)},
  pages		= {60--70},
  publisher	= {SIAM},
  title		= {Practical Entropy-Compressed Rank/Select Dictionary},
  year		= {2007}
}

@Article{	  Blumer198531,
  author	= {Blumer, A. and others},
  journal	= {Theor. Comput. Sci.},
  number	= {0},
  pages		= {31 - 55},
  title		= {The smallest automation recognizing the subwords of a
		  text},
  volume	= {40},
  year		= {1985}
}

@Article{	  bolger2014trimmomatic,
  title		= {Trimmomatic: a flexible trimmer for {I}llumina sequence
		  data},
  author	= {Bolger, Anthony M and Lohse, Marc and Usadel, Bjoern},
  journal	= {Bioinformatics},
  pages		= {2114-2120},
  volume	= 30,
  number	= 15,
  year		= {2014},
  publisher	= {Oxford Univ Press}
}

@InProceedings{	  BOSS12,
  author	= {Bowe, A. and Onodera, T. and Sadakane, K. and Shibuya,
		  T.},
  booktitle	= {Proc.\ WABI},
  pages		= {225--235},
  title		= {Succinct de {Bruijn} Graphs},
  year		= {2012}
}

@InProceedings{	  boucher15,
  author	= "Boucher, Christina and Bowe, Alexander and Gagie, Travis
		  and Manzini, Giovanni and Sir{\'e}n, Jouni",
  editor	= "Iliopoulos, Costas and Puglisi, Simon and Yilmaz, Emine",
  title		= "Relative Select",
  booktitle	= "String Processing and Information Retrieval",
  year		= "2015",
  publisher	= "Springer International Publishing",
  address	= "Cham",
  pages		= "149--155",
  isbn		= "978-3-319-23826-5"
}


@InProceedings{	  BP15,
  author	= {Bonissone, S.R. and Pevzner, P.A.},
  booktitle	= {Proc.\ RECOMB},
  pages		= {44--59},
  title		= {Immunoglobin classification using the colored antibody
		  graph},
  year		= {2015}
}


@Article{	  Butler:2008,
  author	= {Butler, J. and others},
  journal	= {Genome Res.},
  number	= {5},
  pages		= {810--820},
  title		= {{ALLPATHS:} \emph{de novo} assembly of whole-genome
		  shotgun microreads},
  volume	= {18},
  year		= {2008}
}



@article {Bra17,
	author = {Bradley, Phelim and Den Bakker, Henk C and Rocha, Eduardo P. C. and McVean, Gil and Iqbal, Zamin},
	title = {Real-time search of all bacterial and viral genomic data},
	elocation-id = {234955},
	year = {2017},
	doi = {10.1101/234955},
	publisher = {Cold Spring Harbor Laboratory},
	URL = {https://www.biorxiv.org/content/early/2017/12/15/234955},
	eprint = {https://www.biorxiv.org/content/early/2017/12/15/234955.full.pdf},
	journal = {bioRxiv}
}

@TechReport{	  BW94,
  author	= {Burrows, M. and Wheeler, D. J.},
  institution	= {Systems Research Center},
  type          = {Research Report}, 
  number	= {124},
  title		= {A Block-sorting Lossless Data Compression Algorithm},
  year		= 1994
}

@Article{	  CARB,
  title		= {National action plan for combating antibiotic-resistant
		  bacteria},
  author	= {{The White House}},
  journal	= {Washington, DC},
  year		= {2015}
}

@Article{	  carbapenem_review,
  author	= {Anne Marie Queenan and Karen Bush},
  journal	= {Clinical Microbiology Reviews},
  number	= {3},
  pages		= {440--458},
  title		= {Carbapenemases: the Versatile beta-lactamases},
  volume	= {7},
  year		= {2007}
}

@InCollection{	  cascading,
  author	= {Salikhov, Kamil and Sacomoto, Gustavo and Kucherov,
		  Gregory},
  booktitle	= {Algorithms in Bioinformatics},
  pages		= {364--376},
  publisher	= {Springer},
  title		= {Using cascading Bloom filters to improve the memory usage
		  for de Brujin graphs},
  year		= {2013}
}

@Article{	  Chaisson:2008,
  author	= {Chaisson, M. J. and Pevzner, P. A.},
  journal	= {Genome Res.},
  number	= {2},
  pages		= {324--330},
  title		= {Short read fragment assembly of bacterial genomes},
  volume	= {18},
  year		= {2008}
}

@Article{	  Chitsaz11,
  author	= {Chitsaz, H. and others},
  journal	= {Nat. Biotechnol.},
  number	= {10},
  pages		= {915--921},
  title		= {Efficient {\em de novo} assembly of single-cell bacterial
		  genomes from short-read data sets},
  volume	= {29},
  year		= {2011}
}

@Article{	  CleWit84,
  author	= {J.~G. Cleary and I.~H. Witten},
  journal	= {IEEE Trans. on Commun.},
  month		= apr,
  number	= {4},
  pages		= {396--402},
  title		= {{Data Compression Using Adaptive Coding and Partial String
		  Matching}},
  volume	= {COM-32},
  year		= {1984}
}

@Misc{		  colombus,
  howpublished	= {\url{http://bioweb2.pasteur.fr/docs/velvet/Columbus_manual.pdf}},
  note		= {Unpublished},
  title		= {{Colombus module of Velvet}}
}

@Article{	  Compeau11,
  author	= {Compeau, P. E. C. and Pevzner, P. A. and Tesler, G.},
  journal	= {Nature Biotechnology},
  number	= {11},
  pages		= {987--991},
  title		= {How to apply de {Bruijn} graphs to genome assembly},
  volume	= {29},
  year		= {2011}
}


@Article{	  conway,
  author	= {Conway, T. C. and Bromage, A. J.},
  journal	= {Bioinformatics},
  number	= {4},
  pages		= {479--486},
  title		= {Succinct data structures for assembling large genomes},
  volume	= {27},
  year		= {2011}
}

@Article{	  corn,
  author	= {Schnable, P. and others},
  journal	= {Science},
  pages		= {1112-1115},
  title		= {The B73 Maize Genome: Complexity, Diversity, and
		  Dynamics},
  volume	= {326},
  year		= {2009}
}

@Misc{		  dantelabscost,
  title		= {For {R}are {D}isease {M}onth {F}ebruary 2019, {D}ante
		  {L}abs launches special genetic testing offering for rare
		  disease patients},
  howpublished	= {\url{https://www.prnewswire.com/news-releases/for-rare-disease-month-february-2019-dante-labs-launches-special-genetic-testing-offering-for-rare-disease-patients-300788748.html}},
  month		= feb,
  year		= {2019}
}

@article{Cra18,
    author = {Crawford, Victoria G and Kuhnle, Alan and Boucher, Christina and Chikhi, Rayan and Gagie, Travis},
    title = "{Practical dynamic de Bruijn graphs}",
    journal = {Bioinformatics},
    volume = {34},
    number = {24},
    pages = {4189-4195},
    year = {2018},
    month = {06},
    issn = {1367-4803},
    doi = {10.1093/bioinformatics/bty500},
    url = {https://doi.org/10.1093/bioinformatics/bty500},
    eprint = {http://oup.prod.sis.lan/bioinformatics/article-pdf/34/24/4189/27088776/bty500.pdf},
}



@Article{	  deBruijn46,
  author	= {N.~G. De~Bruijn},
  journal	= {Koninklijke Nederlandse Akademie v. Wetenschappen},
  pages		= {758--764},
  title		= {A Combinatorial Problem},
  volume	= 49,
  year		= 1946
}

@article{Dia18,
  title={Assembling Omnitigs using Hidden-Order de {B}ruijn Graphs},
  author={D{\'\i}az-Dom{\'\i}nguez, Diego and Belazzougui, Djamal and Gagie, Travis and M{\"a}kinen, Veli and Navarro, Gonzalo and Puglisi, Simon J},
  journal={arXiv preprint arXiv:1805.05228},
  year={2018}
}

@article{Dia19,
  title={Simulating the DNA String Graph in Succinct Space},
  author={D{\'\i}az-Dom{\'\i}nguez, Diego anD Ggie, Travis and Navarro, Gonzalo},
  journal={arXiv preprint arXiv:1901.10453},
  year={2019}
}

@Article{	  dsk,
  author	= {Rizk, Guillaume and Lavenier, Dominique and Chikhi,
		  Rayan},
  doi		= {10.1093/bioinformatics/btt020},
  journal	= {Bioinformatics},
  title		= {{DSK}: k-mer counting with very low memory usage},
  year		= {2013},
  bdsk-url-1	= {http://dx.doi.org/10.1093/bioinformatics/btt020}
}

@Article{	  Earl11,
  author	= {Earl, D. and others},
  journal	= {Genome Res.},
  number	= {12},
  pages		= {2224--2241},
  title		= {{{A}ssemblathon 1: a competitive assessment of \emph{de
		  novo} short read assembly methods}},
  volume	= {21},
  year		= {2011}
}

@article{Egi19,
  title={Space-efficient merging of succinct de Bruijn graphs},
  author={Egidi, Lavinia and Louza, Felipe A and Manzini, Giovanni},
  journal={arXiv preprint arXiv:1902.02889},
  year={2019}
}

@Article{	  elias1974efficient,
  title		= {Efficient storage and retrieval by content and address of
		  static files},
  author	= {Elias, Peter},
  journal	= {Journal of the ACM },
  volume	= {21},
  number	= {2},
  pages		= {246--260},
  year		= {1974},
  publisher	= {ACM}
}

@Misc{		  EMBL-EBI-Metagenomics,
  title		= {Local surveillance of infectious diseases and
		  antimicrobial resistance from sewage},
  author	= {{EMBL-EBI Metagenomics}},
  year		= {2016},
  note		= {Project (ERP015410), 25 October 2016, date last accessed}
}

@Article{	  EnhancedSuffixArrays,
  author	= {Mohamed Ibrahim Abouelhoda and Stefan Kurtz and Enno
		  Ohlebusch},
  title		= {Replacing suffix trees with enhanced suffix arrays},
  journal	= {Journal of Discrete Algorithms},
  year		= {2004},
  volume	= {2},
  number	= {1},
  pages		= {53 - 86},
  issn		= {1570-8667},
  note		= {The 9th International Symposium on String Processing and
		  Information Retrieval},
  abstract	= {The suffix tree is one of the most important data
		  structures in string processing and comparative genomics.
		  However, the space consumption of the suffix tree is a
		  bottleneck in large scale applications such as genome
		  analysis. In this article, we will overcome this obstacle.
		  We will show how every algorithm that uses a suffix tree as
		  data structure can systematically be replaced with an
		  algorithm that uses an enhanced suffix array and solves the
		  same problem in the same time complexity. The generic name
		  enhanced suffix array stands for data structures consisting
		  of the suffix array and additional tables. Our new
		  algorithms are not only more space efficient than previous
		  ones, but they are also faster and easier to implement.},
  doi		= {https://doi.org/10.1016/S1570-8667(03)00065-0},
  keywords	= {Suffix array, Suffix tree, Repeat analysis, Genome
		  comparison, Pattern matching},
  url		= {http://www.sciencedirect.com/science/article/pii/S1570866703000650}
}

@Book{		  fano1971number,
  title		= {On the number of bits required to implement an associative
		  memory},
  author	= {Fano, Robert Mario},
  year		= {1971},
  publisher	= {Massachusetts Institute of Technology, Project MAC}
}

@Misc{		  FAOActionPlan2016,
  author	= {{Food and Agricultural Organization of the United
		  Nations}},
  title		= {The {FAO} action plan on antimicrobial resistance
		  2016-2020},
  year		= {2016},
  note		= {Rome, Italy. 2016. (25 October 2016, date last accessed)}
}

@Article{	  FM05,
  author	= {P. Ferragina and G. Manzini},
  journal	= {Journal of the ACM},
  number	= {4},
  pages		= {552--581},
  title		= {{Indexing compressed texts}},
  volume	= {52},
  year		= {2005}
}

@Article{	  FerManMakNav06,
  author	= {P. Ferragina and G. Manzini and V. M{\"a}kinen and G.
		  Navarro},
  journal	= {{ACM Transactions on Algorithms}},
  number	= {2},
  pages		= {No. 20},
  title		= {{Compressed Representations of Sequences and Full-Text
		  Indexes}},
  volume	= {3},
  year		= {2006}
}

@Article{	  fh2011,
  author	= {Johannes Fischer and Volker Heun},
  journal	= {{SIAM} J. Comput.},
  number	= {2},
  pages		= {465--492},
  title		= {Space-Efficient Preprocessing Schemes for Range Minimum
		  Queries on Static Arrays},
  volume	= {40},
  year		= {2011}
}

@Article{	  fitch1985detecting,
  author	= {Fitch, W. M. and Smith, T. and Breslow, J. L.},
  journal	= {Method Enzymol.},
  pages		= {773--788},
  title		= {Detecting internally repeated sequences and inferring the
		  history of duplication.},
  volume	= {128},
  year		= {1985}
}

@Article{	  FLMM09,
  author	= {P. Ferragina and F. Luccio and G. Manzini and S.
		  Muthukrishnan},
  journal	= {{Journal of the ACM}},
  number	= {1},
  pages		= {4:1--4:33},
  title		= {{Compressing and indexing labeled trees, with
		  applications}},
  volume	= {57},
  year		= {2009}
}


@InProceedings{	  GBMP14,
  author	= {Gog, S. and Beller, T. and Moffat, A. and Petri, M.},
  booktitle	= {Proc.\ SEA},
  pages		= {326--337},
  title		= {From Theory to Practice: Plug and Play with Succinct Data
		  Structures},
  year		= {2014}
}

@InProceedings{	  ggv2003,
  author	= {Roberto Grossi and Ankur Gupta and Jeffrey Scott Vitter},
  booktitle	= {Proc. SODA},
  pages		= {841--850},
  title		= {High-order entropy-compressed text indexes},
  year		= {2003}
}

@Article{	  gnerre2009assisted,
  author	= {Gnerre, S. and Lander, E. S. and Lindblad-Toh, K. and
		  Jaffe, D. B.},
  journal	= {Genome Biol.},
  number	= {8},
  pages		= {R88},
  title		= {Assisted assembly: how to improve a \emph{de novo} genome
		  assembly by using related species},
  volume	= {10},
  year		= {2009}
}

@Article{	  gnp2012,
  author	= {Travis Gagie and Gonzalo Navarro and Simon J. Puglisi},
  journal	= {Theor. Comp. Sci},
  pages		= {25--41},
  title		= {New algorithms on wavelet trees and applications to
		  information retrieval},
  volume	= {426},
  year		= {2012}
}

@Article{	  gupta,
  author	= {Gupta, S. and others},
  journal	= {Antimicrobial Agents and Chemotherapy},
  number	= {1},
  pages		= {212-20},
  title		= {{ARG-ANNOT}, a new bioinformatic tool to discover
		  antibiotic resistance genes in bacterial genomes.},
  volume	= {58},
  year		= {2014}
}

@Article{	  Gurevich13,
  author	= {Gurevich, A. and Saveliev, V. and Vyahhi, N. and Tesler,
		  G.},
  journal	= {Bioinformatics},
  number	= {8},
  pages		= {1072--1075},
  title		= {{{Q}{U}{A}{S}{T}: quality assessment tool for genome
		  assemblies}},
  volume	= {29},
  year		= {2013}
}

@Book{		  gusfield1997algorithms,
  address	= {New York)},
  author	= {Gusfield, D.},
  publisher	= {Cambridge University Press},
  title		= {Algorithms on strings, trees and sequences: computer
		  science and computational biology},
  year		= {1997}
}


@Article{	  Haussler:2009,
  author	= {Haussler, D. and others},
  journal	= {Journal of Heredity},
  number	= {6},
  pages		= {659--674},
  title		= {{{G}enome 10{K}: a proposal to obtain whole-genome
		  sequence for 10,000 vertebrate species}},
  volume	= {100},
  year		= {2009}
}


@Article{	  HGP,
  author	= {Collins, Francis S. and Morgan, Michael and Patrinos,
		  Aristides},
  title		= {The Human Genome Project: Lessons from Large-Scale
		  Biology},
  journal	= {Science},
  year		= {2003},
  volume	= {300},
  number	= {5617},
  pages		= {286--290},
  issn		= {0036-8075},
  abstract	= {The Human Genome Project has been the first major foray of
		  the biological and medical research communities into
		  {\textquotedblleft}big science.{\textquotedblright} In this
		  Viewpoint, we present some of our experiences in organizing
		  and managing such a complicated, publicly funded,
		  international effort. We believe that many of the lessons
		  we learned will be applicable to future large-scale
		  projects in biology.},
  doi		= {10.1126/science.1084564},
  eprint	= {https://science.sciencemag.org/content/300/5617/286.full.pdf},
  publisher	= {American Association for the Advancement of Science},
  url		= {https://science.sciencemag.org/content/300/5617/286}
}

@Article{	  hmp,
  author	= {P. J. Turnbaugh and others},
  journal	= {Nature},
  number	= {7164},
  pages		= {804--810},
  title		= {{The {H}uman {M}icrobiome {P}roject: exploring the
		  microbial part of ourselves in a changing world}},
  volume	= {449},
  year		= {2007}
}


@Article{	  huang,
  author	= {Huang, W. and Li, L. and Myers, J.R. and Marth, G.T.},
  journal	= {Bioinformatics},
  number	= {4},
  pages		= {593-4},
  title		= {{ART}: a next-generation sequencing read simulator},
  volume	= {28},
  year		= {2012}
}

@Article{	  HuaYan05,
  author	= {X. Huang and S.~P. Yang},
  journal	= {Current Protocols in Bioinformatics},
  title		= {Generating a genome assembly with PCAP},
  volume	= {Unit 11.3},
  year		= {2005}
}

@Article{	  huddleston2014,
  author	= {Huddleston, J. and others},
  journal	= {Genome Res.},
  number	= {4},
  pages		= {688--696},
  title		= {{{R}econstructing complex regions of genomes using
		  long-read sequencing technology}},
  volume	= {24},
  year		= {2014}
}

@InProceedings{	  hyda,
  author	= {Movahedi, N. S. and Forouzmand, E. and Chitsaz, H.},
  booktitle	= {IEEE Conference on Bioinformatics and Biomedicine},
  pages		= {561--565},
  title		= {{\em De novo} co-assembly of bacterial genomes from
		  multiple single cells},
  year		= {2012}
}

@Article{	  ICTFM12,
  author	= {Iqbal, Z. and Caccamo, M. and Turner, I. and Flicek, P.
		  and McVean, G.},
  journal	= {Nature Genetics},
  pages		= {226--232},
  title		= {De novo assembly and genotyping of variants using colored
		  de {Bruijn} graphs},
  volume	= {44},
  year		= {2012}
}

@Misc{		  idbahyb,
  howpublished	= {\url{http://i.cs.hku.hk/~alse/hkubrg/projects/idba_hybrid/index.html}},
  note		= {Unpublished},
  title		= {{IDBA-Hybrid}}
}

@Article{	  idbaud,
  author	= {Peng, Y. and Leung, H. C. and Yiu, S. M. and Chin, F. Y.},
  journal	= {Bioinformatics},
  number	= {11},
  pages		= {1420--1428},
  title		= {{{IDBA-UD}: a {\em de novo} assembler for single-cell and
		  metagenomic sequencing data with highly uneven depth}},
  volume	= {28},
  year		= {2012}
}

@Article{	  ismb2015,
  author	= {Muggli, M.D. and Puglisi, S.J. and Ronen, R. and Boucher,
		  C.},
  journal	= {Bioinformatics (special issue of ISMB 2015)},
  number	= {12},
  pages		= {i80--i88},
  title		= {Misassembly detection using paired-end sequence reads and
		  optical mapping data},
  volume	= {31},
  year		= {2015}
}

@Article{	  IW95,
  author	= {Idury, R.M. and Waterman, M.S.},
  journal	= {Journal of Computational Biology},
  pages		= {291--306},
  title		= {A new algorithm for {DNA} sequence assembly},
  volume	= {2},
  year		= {1995}
}

@Book{		  KasMor06,
  author	= {M. Kasahara and S. Morishita},
  publisher	= {Imperial College Press},
  title		= {Large-Scale Genome Sequence Processing},
  year		= {2006}
}

@Article{	  King2016,
  title		= {Longitudinal Metagenomic Analysis of Hospital Air
		  Identifies Clinically Relevant Microbes},
  author	= {King, Paula and Pham, Long K and Waltz, Shannon and Sphar,
		  Dan and Yamamoto, Robert T and Conrad, Douglas and Taplitz,
		  Randy and Torriani, Francesca and Forsyth, R Allyn},
  journal	= {PLoS ONE},
  volume	= {11},
  number	= {8},
  pages		= {e0160124},
  year		= {2016},
  publisher	= {Public Library of Science}
}

@InProceedings{	  kkp2014,
  author	= {Juha K{\"{a}}rkk{\"{a}}inen and Dominik Kempa and Simon J.
		  Puglisi},
  booktitle	= {Proc. of DCC},
  pages		= {302--311},
  title		= {Hybrid Compression of Bitvectors for the {FM}-Index},
  year		= {2014}
}

@Article{	  klein2011locas,
  author	= {Klein, J. D. and others},
  journal	= {PLOS ONE},
  number	= {8},
  pages		= {e23455},
  title		= {{LOCAS}--a low coverage assembly tool for resequencing
		  projects},
  volume	= {6},
  year		= {2011}
}

@Article{	  KMC2,
  author	= {Deorowicz, Sebastian and Kokot, Marek and Grabowski,
		  Szymon and Debudaj-Grabysz, Agnieszka},
  journal	= {Bioinformatics},
  number	= {10},
  pages		= {1569--1576},
  publisher	= {Oxford Univ Press},
  title		= {KMC 2: Fast and resource-frugal k-mer counting},
  volume	= {31},
  year		= {2015}
}

@Article{	  kmergenie13,
  author	= {Chikhi, R. and Medvedev, P.},
  journal	= {Bioinformatics},
  number	= {1},
  pages		= {31--37},
  title		= {Informed and automated $k$-mer size selection for genome
		  assembly},
  volume	= {30},
  year		= {2014}
}

@Article{	  ks2006,
  author	= {K\"{a}rkk\"{a}inen, J. and Sanders, P. and Burkhardt, S.},
  issue_date	= {November 2006},
  journal	= {J. ACM},
  number	= {6},
  pages		= {918--936},
  publisher	= {{ACM}},
  title		= {Linear word suffix array construction},
  volume	= {53},
  year		= {2006}
}

@Article{	  kurtz2001reputer,
  author	= {Kurtz, S. and Choudhuri, J. V and Ohlebusch, E. and
		  Schleiermacher, Chris and Stoye, J. and Giegerich, R.},
  journal	= {Nucleic Acids Res.},
  number	= {22},
  pages		= {4633--4642},
  title		= {{REPuter}: the manifold applications of repeat analysis on
		  a genomic scale},
  volume	= {29},
  year		= {2001}
}

@Article{	  li2009fast,
  author	= {Li, H. and Durbin, R.},
  journal	= {Bioinformatics},
  number	= {14},
  pages		= {1754--1760},
  title		= {Fast and accurate short read alignment with
		  {B}urrows-{W}heeler transform},
  volume	= {25},
  year		= {2009}
}

@Article{	  Li:2010,
  author	= {Ruiqiang Li and Hongmei Zhu and Jue Ruan and Wubin Qian and Xiaodong Fang and Zhongbin Shi and Yingrui Li and Shengting Li and Gao Shan and Karsten Kristiansen and Songgang Li and Huanming Yang and Jian Wang and Jun Wang},
  journal	= {Genome Research},
  number	= {2},
  pages		= {265--272},
  title		= {De novo assembly of human genomes with massively
		  parallel short read sequencing},
  volume	= {20},
  year		= {2010}
}

@Article{	  Lin,
  title		= {What is the difference between the breakpoint graph and
		  the de Bruijn graph?},
  author	= {Lin, Y. and Nurk, S. and Pevzner, P.},
  journal	= {BMC Genomics},
  volume	= {15},
  number	= {Suppl 6},
  pages		= {S6},
  year		= {2014}
}

@Article{	  lin2012agora,
  author	= {Lin, H.C. and others},
  journal	= {BMC Bioinformatics},
  number	= {1},
  pages		= {189},
  title		= {{AGORA: assembly guided by optical restriction
		  alignment}},
  volume	= {13},
  year		= {2012}
}

@Misc{		  liu_et_al,
  author	= {Liu, Chi-Man and Luo, Ruibang and Lam, Tak-Wah},
  howpublished	= {arXiv:1401.7457},
  month		= {Jan},
  title		= {{GPU}-Accelerated {BWT} Construction for Large Collection
		  of Short Reads},
  year		= {2014}
}


@Article{	  MacLean2010,
  title		= {The population genetics of antibiotic resistance:
		  integrating molecular mechanisms and treatment contexts},
  author	= {MacLean, R Craig and Hall, Alex R and Perron, Gabriel G
		  and Buckling, Angus},
  journal	= {Nature Reviews Genetics},
  volume	= {11},
  number	= {6},
  pages		= {405--414},
  year		= {2010},
  publisher	= {Nature Publishing Group}
}

@Article{	  MacPrz09,
  author	= {I. MacCallum and D. Przybylski and S. Gnerre and J. Burton
		  and I. Shlyakhter and A. Gnirke and J. Malek and K.
		  McKernan and S. Ranade and T. P. Shea and L. Williams and
		  S. Young and C. Nusbaum and D. B. Jaffe},
  journal	= {Genome Biology},
  number	= {R103},
  title		= {ALLPATHS 2: small genomes assembled accurately and with
		  high continuity from short paired reads},
  volume	= {10},
  year		= {2009}
}

@InProceedings{	  Manber90,
  author	= {Manber, U. and Myers, G.},
  booktitle	= {Proc. of SODA},
  pages		= {319--327},
  title		= {{Suffix arrays: a new method for on-line string
		  searches}},
  year		= {1990}
}

@InProceedings{	  manzini00,
  author	= {Ferragina, P. and Manzini, G.},
  booktitle	= {Proc. of FOCS},
  pages		= {390--398},
  title		= {{Opportunistic data structures with applications}},
  year		= {2000}
}

@article{Mar19,
author = {MarÃ§ais, Guillaume and Solomon, Brad and Patro, Rob and Kingsford, Carl},
title = {Sketching and Sublinear Data Structures in Genomics},
journal = {Annual Review of Biomedical Data Science},
volume = {2},
number = {1},
pages = {null},
year = {2019},
doi = {10.1146/annurev-biodatasci-072018-021156},
URL = {https://doi.org/10.1146/annurev-biodatasci-072018-021156},
eprint = {https://doi.org/10.1146/annurev-biodatasci-072018-021156},
}

@Article{	  mcarthur,
  author	= {McArthur, A. G. and others},
  journal	= {Antimicrobial Agents and Chemotherapy},
  pages		= {3348-3357},
  title		= {The comprehensive antibiotic resistance database.},
  volume	= {57},
  year		= {2013}
}

@Article{	  mckenna,
  author	= {McKenna, Maryn},
  journal	= {Nature},
  pages		= {394-396},
  title		= {Antibiotic resistance: The last resort},
  volume	= {499},
  year		= {2013}
}

@InProceedings{	  mdbg,
  author	= {Lin, Y. and Pevzner, P.A.},
  booktitle	= {Proc. {WABI}},
  title		= {Manifold de {B}ruijn Graphs},
  year		= {2014}
}

@Article{	  medvedev2011paired,
  author	= {Medvedev, P. and Pham, S. and Chaisson, M. and Tesler, G.
		  and Pevzner, P. A.},
  journal	= {J. Comput. Biol.},
  number	= {11},
  pages		= {1625--1634},
  title		= {Paired de Bruijn graphs: a novel approach for
		  incorporating mate pair information into genome
		  assemblers},
  volume	= {18},
  year		= {2011}
}

@Article{	  megahit,
  author	= {Li, D. and Liu, C.-M. and Luo, R. and Sadakane, K. and
		  Lam, T.-W.},
  journal	= {Bioinformatics},
  number	= {10},
  pages		= {1674--1676},
  title		= {{MEGAHIT}: An ultra-fast single-node solution for large
		  and complex metagenomics assembly via succinct de {B}ruijn
		  graph},
  volume	= {31},
  year		= {2015}
}

@Article{	  MilKor10,
  author	= {J. R. Miller and S. Koren and G. Sutton},
  journal	= {Genomics},
  pages		= {315-327},
  title		= {Assembly algorithms for next-generation sequencing data},
  volume	= {95},
  year		= {2010}
}

@Article{	  Miller2013,
  title		= {Metagenomics for pathogen detection in public health},
  author	= {Miller, Ruth R and Montoya, Vincent and Gardy, Jennifer L
		  and Patrick, David M and Tang, Patrick},
  journal	= {Genome Medicine},
  volume	= {5},
  number	= {9},
  pages		= {1},
  year		= {2013},
  publisher	= {BioMed Central}
}

@Article{	  mm1993,
  author	= {Manber, U. and Myers, G.},
  journal	= {SIAM J. Comput.},
  number	= {5},
  pages		= {935--948},
  publisher	= {SIAM},
  title		= {{Suffix arrays: a new method for on-line string
		  searches}},
  volume	= {22},
  year		= {1993}
}

@article {Mug19,
	author = {Muggli, Martin D and Alipanahi, Bahar and Boucher, Christina},
	title = {Building Large Updatable Colored de Bruijn Graphs via Merging},
	elocation-id = {229641},
	year = {2019},
	doi = {10.1101/229641},
	publisher = {Cold Spring Harbor Laboratory},
	URL = {https://www.biorxiv.org/content/early/2019/02/06/229641},
	eprint = {https://www.biorxiv.org/content/early/2019/02/06/229641.full.pdf},
	journal = {bioRxiv}
}

@article{Muk18,
    author = {Mukherjee, Kingshuk and Alipanahi, Bahar and Kahveci, Tamer and Salmela, Leena and Boucher, Christina},
    title = "{Aligning optical maps to de Bruijn graphs}",
    journal = {Bioinformatics},
    year = {2018},
    month = {01},
    issn = {1367-4803},
    doi = {10.1093/bioinformatics/btz069},
    url = {https://doi.org/10.1093/bioinformatics/btz069},
    eprint = {http://oup.prod.sis.lan/bioinformatics/advance-article-pdf/doi/10.1093/bioinformatics/btz069/28253249/btz069.pdf},
}

@InProceedings{	  Mun96,
  author	= "I. Munro",
  title		= "Tables",
  booktitle	= "Proc. FSTTCS",
  !booktitle	= "Proc. 15th Conference on Foundations of Software
		  Technology and Theoretical Computer Science (FSTTCS)",
  year		= 1996,
  pages		= "37--42"
}

@article{Mus18,
    author = {Mustafa, Harun and Schilken, Ingo and Karasikov, Mikhail and Eickhoff, Carsten and RÃ¤tsch, Gunnar and Kahles, AndrÃ©},
    title = "{Dynamic compression schemes for graph coloring}",
    journal = {Bioinformatics},
    volume = {35},
    number = {3},
    pages = {407-414},
    year = {2018},
    month = {07},
    issn = {1367-4803},
    doi = {10.1093/bioinformatics/bty632},
    url = {https://doi.org/10.1093/bioinformatics/bty632},
    eprint = {http://oup.prod.sis.lan/bioinformatics/article-pdf/35/3/407/28695538/bty632.pdf},
}

@Article{	  Mye95,
  author	= {E. W. Myers},
  journal	= {Journal of Comutational Biology},
  pages		= {275-290},
  title		= {Toward Simplifying and Accurately Formulating Fragment
		  Assembly},
  volume	= {2},
  year		= {1995}
}

@Article{	  MyeSut00,
  author	= {E. W. Myers and G. G. Sutton and A. L. Delcher and I. M.
		  Dew and D. P. Fasulo and M. J. Flanigan and S. A. Kravitz
		  and C. M. Mobarry and K. H. J. Reinert and K. A. Remington
		  and E. L. Anson and R. A. Bolanos and H. Chou and C. M.
		  Jordan and A. L. Halpern and S. Lonardi and E. M. Beasley
		  and R. C. Brandon and L. Chen and P. J. Dunn and Z. Lai and
		  Y. Liang and D. R. Nusskern and M. Zhan and Q. Zhang and X.
		  Zheng and G. M. Rubin and M. D. Adams and J. C. Venter},
  journal	= {Science},
  pages		= {2196-2204},
  title		= {A whole-genome assembly of Drosophila},
  volume	= {287},
  year		= {2000}
}

@Article{	  n2013,
  author	= {Gonzalo Navarro},
  journal	= {J. Discrete Algorithms},
  pages		= {2--20},
  title		= {Wavelet Trees for All},
  volume	= 25,
  year		= 2014
}

@Article{	  nagarajan2008scaffolding,
  author	= {Nagarajan, N. and Read, T. D. and Pop, M.},
  journal	= {Bioinformatics},
  number	= {10},
  pages		= {1229--1235},
  title		= {Scaffolding and validation of bacterial genome assemblies
		  using optical restriction maps},
  volume	= {24},
  year		= {2008}
}

@Book{		  Navarro16,
  author	= {Gonzalo Navarro},
  title		= {Compact Data Structures - {A} Practical Approach},
  publisher	= {Cambridge University Press},
  year		= {2016}
}

@Misc{		  NavSad10,
  author	= {G. Navarro and K. Sadakane},
  note		= {Submitted for journal publication. Available at
		  http://arxiv.org/abs/0905.0768. A preliminary version
		  appeared in Proc. ACM-SIAM SODA, pp.~134--149, 2010.},
  title		= {Fully-Functional Static and Dynamic Succinct Trees},
  year		= {2010}
}

@InProceedings{	  nn2012,
  author	= {G. Navarro and Y. Nekrich},
  booktitle	= {Proc. Scandinavian Workshop on Algorithm Theory},
  pages		= {271--282},
  publisher	= {Springer},
  series	= {LNCS 7357},
  title		= {Sorted Range Reporting},
  year		= 2012
}

@Article{	  noyes2016resistome,
  author	= {Noyes, Noelle R and Yang, Xiang and Linke, Lyndsey M and
		  Magnuson, Roberta J and Dettenwanger, Adam and Cook, Shaun
		  and Geornaras, Ifigenia and Woerner, Dale E and Gow, Sheryl
		  P and McAllister, Tim A and others},
  journal	= {eLife},
  pages		= {e13195},
  publisher	= {eLife Sciences Publications Limited},
  title		= {Resistome diversity in cattle and the environment
		  decreases during beef production},
  volume	= {5},
  year		= {2016}
}


@Article{	  Ossowski08,
  author	= {Ossowski, S. and others},
  journal	= {Genome Res.},
  number	= {12},
  pages		= {2024--2033},
  title		= {{{S}equencing of natural strains of \emph{Arabidopsis
		  Thaliana} with short reads}},
  volume	= {18},
  year		= {2008}
}

@InProceedings{	  paul,
  author	= {Chikhi, R. and Limasset, A. and Jackman, S. and Simpson,
		  J.T. and Medvedev, P.},
  booktitle	= {Proc. {RECOMB}},
  pages		= {35--55},
  title		= {On the representation of de {B}ruijn graphs},
  year		= {2014}
}

@InProceedings{	  peng2010idba,
  author	= {Peng, Yu and Leung, Henry CM and Yiu, Siu-Ming and Chin,
		  Francis YL},
  booktitle	= {Proc. RECOMB},
  pages		= {426--440},
  title		= {{IDBA}--a practical iterative de {Bruijn} graph \emph{de
		  novo} assembler},
  year		= {2010}
}


@Article{	  pevzner2004novo,
  author	= {Pevzner, P. A. and Tang, H. and Tesler, G.},
  journal	= {Genome Res.},
  number	= {9},
  pages		= {1786--1796},
  title		= {{{\em {D}e novo} repeat classification and fragment
		  assembly}},
  volume	= {14},
  year		= {2004}
}

@Article{	  phillippy2008genome,
  author	= {Phillippy, A. M. and Schatz, M. C. and Pop, M.},
  journal	= {Genome Biol.},
  number	= {3},
  pages		= {R55},
  title		= {Genome assembly forensics: finding the elusive
		  mis-assembly},
  volume	= {9},
  year		= {2008}
}

@Article{	  Pop09,
  author	= {M. Pop},
  journal	= {Briefings in Bioinformatics},
  number	= {4},
  pages		= {354-366},
  title		= {Genome assembly reborn: recent computational challenges},
  volume	= {10},
  year		= {2009}
}

@Article{	  port_2014_metagenomics_AMR_monitoring,
  author	= {Jesse A. Port and Alison C. Cullen and James C. Wallace
		  and Marissa N. Smith and Elaine M. Faustman},
  journal	= {Environmental. Health Perspectives},
  number	= {3},
  title		= {Metagenomic Frameworks for Monitoring Antibiotic
		  Resistance in Aquatic Environments},
  volume	= {122},
  year		= {2014}
}

@Article{	  PTW,
  author	= {Pevzner, P. A. and Tang, H. and Waterman, M. S.},
  journal	= {Proc. Natl. Acad. Sci.},
  number	= {17},
  pages		= {9748--9753},
  title		= {An {E}ulerian path approach to {DNA} fragment assembly},
  volume	= {98},
  year		= {2001}
}


@InProceedings{	  recGraphs,
  author	= {Vyahhi, Nikolay and Pyshkin, Alex and Pham, Son and
		  Pevzner, Pavel A.},
  booktitle	= {Algorithms in Bioinformatics},
  pages		= {249--261},
  series	= {Lecture Notes in Computer Science},
  title		= {From de Bruijn graphs to rectangle graphs for genome
		  assembly},
  volume	= {7534},
  year		= {2012}
}

@Article{	  rice,
  author	= {Tanaka, T. and others},
  journal	= {Nucleic Acids Research},
  pages		= {D1028-33},
  title		= {The Rice Annotation Project Database ({RAP-DB}): 2008
		  update.},
  volume	= {36},
  year		= {2008}
}

@Article{	  Robinson11,
  author	= {Robinson, G. E. and others},
  journal	= {Science},
  number	= {6023},
  pages		= {1386},
  title		= {{{C}reating a buzz about insect genomes}},
  volume	= {331},
  year		= {2011}
}

@Article{	  Robinson:2011,
  author	= {G.E.~Robinson, K.J. and others},
  journal	= {Science},
  number	= {6023},
  pages		= {1386},
  title		= {Creating a buzz about insect genomes},
  volume	= {331},
  year		= {2011}
}

@Article{	  Rozowsky2011,
  author	= {Rozowsky, J. and others},
  journal	= {Molecular Systems Biology},
  pages		= {522},
  title		= {{AlleleSeq}: analysis of allele\mbox{-}specific expression
		  and binding in a network framework},
  volume	= {7},
  year		= {2011}
}

@Article{	  RRR07,
  acmid		= {1290680},
  address	= {New York, NY, USA},
  articleno	= {43},
  author	= {R. Raman and V. Raman and S.~R. Satti},
  doi		= {10.1145/1290672.1290680},
  issn		= {1549-6325},
  issue_date	= {November 2007},
  journal	= {ACM Trans. Algorithms},
  keywords	= {Dictionaries, multisets, perfect hashing, prefix sums,
		  sets, succinct data structures, tries},
  month		= nov,
  number	= {4},
  publisher	= {ACM},
  title		= {Succinct indexable dictionaries with applications to
		  encoding k-ary trees, prefix sums and multisets},
  url		= {http://doi.acm.org/10.1145/1290672.1290680},
  volume	= {3},
  year		= {2007},
  bdsk-url-1	= {http://doi.acm.org/10.1145/1290672.1290680},
  bdsk-url-2	= {http://dx.doi.org/10.1145/1290672.1290680}
}

@InProceedings{	  rrr2002,
  author	= {Rajeev Raman and Venkatesh Raman and S. Srinivasa Rao},
  booktitle	= {Proc. SODA},
  pages		= {233--242},
  title		= {Succinct indexable dictionaries with applications to
		  encoding k-ary trees and multisets},
  year		= {2002}
}

@InProceedings{	  sagot1998spelling,
  author	= {Sagot, Marie-France},
  booktitle	= {{LATIN'98}: Theoretical Informatics},
  pages		= {374-390},
  series	= {Lecture Notes in Computer Science},
  title		= {Spelling approximate repeated or common motifs using a
		  suffix tree},
  volume	= {1380},
  year		= {1998}
}

@Article{	  SahShi12,
  author	= {M. Sahli and T. Shibuya},
  journal	= {BMC Research Notes},
  title		= {Arapan-S: a fast and highly accurate whole-genome assembly
		  software for viruses and small genomes},
  year		= {in press}
}

@Article{	  SBT,
  author	= {Solomon, Brad and Kingsford, Carleton},
  journal	= {bioRxiv},
  pages		= {017087},
  publisher	= {Cold Spring Harbor Labs Journals},
  title		= {Large-Scale Search of Transcriptomic Read Sets with
		  Sequence Bloom Trees},
  year		= {2015}
}

@Article{	  schneeberger2011reference,
  author	= {Schneeberger, K. and others},
  journal	= {Proc. Natl. Acad. Sci.},
  number	= {25},
  pages		= {10249--10254},
  title		= {{{R}eference-guided assembly of four diverse
		  \emph{{A}rabidopsis thaliana} genomes}},
  volume	= {108},
  year		= {2011}
}

@Article{	  sequel,
  author	= {Ronen, R. and Boucher, C. and Chitsaz, H. and Pevzner,
		  P.},
  journal	= {Bioinformatics (special issue of ISMB 2012)},
  number	= {12},
  pages		= {i188--i196},
  title		= {{SEQuel}: Improving the Accuracy of Genome Assemblies},
  volume	= {28},
  year		= {2012}
}

@Article{	  ShenSV14,
  author	= {Shen, X. and Shamaiah M. and Vikalo H.},
  journal	= {CoRR},
  title		= {{Iterative learning for reference-guided {DNA} sequence
		  assembly from short reads: algorithms and limits of
		  performance}},
  volume	= {abs/1403.5686},
  year		= {2014}
}

@Article{	  Simpson:2009,
  author	= {Simpson, J.T. and Wong, K. and Jackman, S.D. and Schein,
		  J.E. and Jones, S.J. and Birol, I.},
  journal	= {Genome Research},
  number	= {6},
  pages		= {1117--1123},
  title		= {{ABySS}: a parallel assembler for short read sequence
		  data},
  volume	= {19},
  year		= {2009}
}


@Article{	  splitmem,
  author	= {Marcus, Shoshana and Lee, Hayan and Schatz, Michael C},
  journal	= {Bioinformatics},
  number	= {24},
  pages		= {3476--3483},
  publisher	= {Oxford Univ Press},
  title		= {SplitMEM: A graphical algorithm for pan-genome analysis
		  with suffix skips},
  volume	= {30},
  year		= {2014}
}

@InProceedings{	  suffixtree73,
  author	= {Weiner, P.},
  booktitle	= {Proc. of SWAT},
  pages		= {1--11},
  title		= {{Linear pattern matching algorithms}},
  year		= {1973}
}

@Article{	  swarbreck,
  author	= {Swarbreck, D. and others},
  journal	= {Nucleic Acids Research.},
  pages		= {D1009-14},
  title		= {The {Arabidopsis} Information Resource ({TAIR}): gene
		  structure and function annotation},
  volume	= {36},
  year		= {2008}
}

@Article{	  tomato1,
  author	= {Causse, M. and others},
  journal	= {BMC Genomics},
  pages		= {791},
  title		= {Whole genome resequencing in tomato reveals variation
		  associated with introgression and breeding events},
  volume	= {14},
  year		= {2013}
}

@Article{	  tomato2,
  author	= {Kobayashi, M. and others},
  journal	= {Plant Cell Physiology},
  number	= {2},
  pages		= {445--454},
  title		= {Genome-wide analysis of intraspecific {DNA} polymorphism
		  in ``Micro-Tom'', a model cultivar of tomato (Solanum
		  lycopersicum)},
  volume	= {55},
  year		= {2014}
}

@article{Tur18,
    author = {Turner, Isaac and Garimella, Kiran V and Iqbal, Zamin and McVean, Gil},
    title = "{Integrating long-range connectivity information into de Bruijn graphs}",
    journal = {Bioinformatics},
    volume = {34},
    number = {15},
    pages = {2556-2565},
    year = {2018},
    month = {03},
    issn = {1367-4803},
    doi = {10.1093/bioinformatics/bty157},
    url = {https://doi.org/10.1093/bioinformatics/bty157},
    eprint = {http://oup.prod.sis.lan/bioinformatics/article-pdf/34/15/2556/25230780/bty157.pdf},
}

@InProceedings{	  varorder-dcc,
  author	= {Christina Boucher and Alexander Bowe and Travis Gagie and
		  Simon J. Puglisi and Kunihiko Sadakane},
  booktitle	= {Proc. Data Compression Conference ({DCC})},
  pages		= {383--392},
  publisher	= {{IEEE}},
  title		= {Variable-Order de {B}ruijn Graphs},
  year		= {2015}
}

@InBook{	  varorder-latin,
  address	= {Berlin, Heidelberg},
  author	= {Belazzougui, Djamal and Gagie, Travis and M{\"a}kinen,
		  Veli and Previtali, Marco and Puglisi, Simon J.},
  booktitle	= {LATIN 2016: Theoretical Informatics: 12th Latin American
		  Symposium, Ensenada, Mexico, April 11-15, 2016,
		  Proceedings},
  doi		= {10.1007/978-3-662-49529-2_13},
  editor	= {Kranakis, Evangelos and Navarro, Gonzalo and Ch{\'a}vez,
		  Edgar},
  isbn		= {978-3-662-49529-2},
  pages		= {164--178},
  publisher	= {Springer Berlin Heidelberg},
  title		= {Bidirectional Variable-Order de Bruijn Graphs},
  url		= {http://dx.doi.org/10.1007/978-3-662-49529-2_13},
  year		= {2016},
  bdsk-url-1	= {http://dx.doi.org/10.1007/978-3-662-49529-2_13}
}

@Article{	  Vezzi2011,
  author	= {Vezzi, Francesco and Cattonaro, Federica and Policriti,
		  Alberto},
  journal	= {EMBnet. journal},
  number	= {1},
  pages		= {pp--46},
  title		= {e-{RGA}: enhanced reference guided assembly of complex
		  genomes},
  volume	= {17},
  year		= {2011}
}

@Article{	  vezzi2011rga,
  title		= {{e-RGA}: enhanced reference guided assembly of complex
		  genomes},
  author	= {Vezzi, F. and Cattonaro, F. and Policriti, A.},
  journal	= {EMBnet. journal},
  volume	= {17},
  number	= {1},
  pages		= {pp--46},
  year		= {2011}
}

@Article{	  wabi,
  author	= {Chikhi, R. and Rizk, G.},
  journal	= {Algorithms for Molecular Biology},
  number	= {22},
  title		= {Space-efficient and exact de {Bruijn} graph representation
		  based on a {Bloom} filter},
  volume	= {8},
  year		= {2012}
}

@Article{	  weizhong,
  author	= {Weizhong Li, Lukasz Jaroszewski and Adam Godzik},
  journal	= {Bioinformatics},
  number	= {3},
  pages		= {282-3},
  title		= {Clustering of highly homologous sequences to reduce the
		  size of large protein database},
  volume	= {17},
  year		= {2001}
}

@Article{	  YeMa12,
  author	= {C. Ye and Z.~S. Ma and C.~H. Cannon and M. Pop and D.~W.
		  Yu},
  journal	= {BMC Bioinformatics},
  number	= {Suppl 6:S1},
  title		= {Exploiting sparseness in de novo genome assembly},
  volume	= {13},
  year		= {2012}
}

@Article{	  yhw2011,
  author	= {Chih-Chiang Yu and Wing-Kai Hon and Biing-Feng Wang},
  journal	= {Computational Geometry},
  number	= 3,
  pages		= {148--159},
  title		= {Improved data structures for the orthogonal range
		  successor problem},
  volume	= 44,
  year		= 2011
}

@Article{	  zankari,
  author	= {Zankari, E. and others},
  journal	= {Antimicrobial Agents and Chemotherapy},
  number	= {11},
  pages		= {2640-2644},
  title		= {Identification of acquired antimicrobial resistance
		  genes.},
  volume	= {67},
  year		= {2012}
}

@Article{	  Zerbino:2008,
  author	= {Zerbino, R. and Birney, E.},
  title		= {Velvet: algorithms for \emph{de novo} short read assembly
		  using de {Bruijn} graphs},
  journal	= {Genome Res.},
  number	= {5},
  pages		= {821--829},
  volume	= {18},
  year		= {2008}
}

@Article{	  ZerBir08,
  author	= {D.~R. Zerbino and E. Birney},
  journal	= {Genome Research},
  pages		= {821-829},
  title		= {Velvet: algorithms for de novo short read assembly using
		  de Bruijn graphs},
  volume	= {18},
  year		= {2008}
}
