@article{BatJaf02, 
author = {S. Batzoglou and D.~B. Jaffe and K. Stanley and J. Butler and S. Gnerre and E. Mauceli and B. Berger and J.~P. Mesirov and E.~S. Lander}, 
title = {ARACHNE: a whole-genome shotgun assembler}, 
journal = {Genome Research}, 
year = {2002}, 
volume = {12},
pages = {177-189} 
}

@article{ConBro11, 
author = {T.~C. Conway and A.~J. Bromage}, 
title = {Succinct data structures for assembling large genomes}, 
journal = {Bioinformatics}, 
year = {2011},
volume = {27},
number = {4},
pages = {479-486}
}

@article{HuaYan05, 
author = {X. Huang and S.~P. Yang}, 
title = {Generating a genome assembly with PCAP}, 
journal = {Current Protocols in Bioinformatics}, 
year = {2005},
volume = {Unit 11.3}
}

@book{KasMor06, 
author = {M. Kasahara and S. Morishita}, 
title = {Large-Scale Genome Sequence Processing}, 
publisher = {Imperial College Press}, 
year = {2006}
}

@article{LiZhu09,
author = {R. Li and H. Zhu and J. Ruan and W. Qjan and X. Fang and Z. Shi and Y. Li and S. Li and G. Shan and K. Kristiansen and H Yang and J. Wang}, 
title = {De novo assembly of human genomes with massively parallel short read sequencing},
journal = {Genome Research}, 
year = {2009},
volume = {20}, 
pages = {265-272} 
}

@article{MacPrz09, 
author = {I. MacCallum and D. Przybylski and S. Gnerre and J. Burton and I. Shlyakhter and A. Gnirke and J. Malek and K. McKernan and S. Ranade and T. P. Shea and L. Williams and S. Young and C. Nusbaum and D. B. Jaffe}, 
title = {ALLPATHS 2: small genomes assembled accurately and with high continuity from short paired reads},
journal = {Genome Biology}, 
year = {2009}, 
volume = {10}, 
number = {R103}
}

@article{MilKor10, 
author = {J. R. Miller and S. Koren and G. Sutton}, 
title = {Assembly algorithms for next-generation sequencing data}, 
journal = {Genomics}, 
year = {2010}, 
volume = {95}, 
pages = {315-327} 
}

@article{Mye95, 
author = {E. W. Myers}, 
title = {Toward Simplifying and Accurately Formulating Fragment Assembly}, 
journal = {Journal of Comutational Biology}, 
year = {1995},
volume = {2}, 
pages = {275-290} 
}

@article{MyeSut00,
author = {E. W. Myers and G. G. Sutton and A. L. Delcher and I. M. Dew and D. P. Fasulo and M. J. Flanigan and S. A. Kravitz and C. M. Mobarry and K. H. J. Reinert and K. A. Remington and E. L. Anson and R. A. Bolanos and H. Chou and C. M. Jordan and A. L. Halpern and S. Lonardi and E. M. Beasley and R. C. Brandon and L. Chen and P. J. Dunn and Z. Lai and Y. Liang and D. R. Nusskern and M. Zhan and Q. Zhang and X. Zheng and G. M. Rubin and M. D. Adams and J. C. Venter}, 
title = {A whole-genome assembly of Drosophila}, 
journal = {Science}, 
year = {2000},
volume = {287},
pages = {2196-2204}
}

@article{PevTan01, 
author = {P. A. Pevzner and H. Tang and M. S. Waterman}, 
title = {An eulerian path approach to DNA fragment assembly}, 
journal = {Proceedings of the National Academy of Sciences}, 
year = {2001},
volume = {98},
pages = {9748-9753}
}

@article{Pop09, 
author = {M. Pop},  
title = {Genome assembly reborn: recent computational challenges}, 
journal = {Briefings in Bioinformatics}, 
year = {2009},
volume = {10},
number = {4}, 
pages = {354-366} 
}

@article{SahShi12,
author = {M. Sahli and T. Shibuya}, 
title = {Arapan-S: a fast and highly accurate whole-genome assembly software for viruses and small genomes}, 
journal = {BMC Research Notes}, 
year = {in press}
}

@article{SimWon09,
author = {J. T. Simpson and K. Wong and S. D. Jackman and J. E. Schein and S. J. Jones}, 
title = {ABySS: a parallel assembler for short read sequence data}, 
journal = {Genome Research}, 
year = {2009}, 
volume = {19}, 
pages = {1117-1123}
}

@article{YeMa12,
author = {C. Ye and Z.~S. Ma and C.~H. Cannon and M. Pop and D.~W. Yu}, 
title = {Exploiting sparseness in de novo genome assembly}, 
journal = {BMC Bioinformatics}, 
year = {2012}, 
volume = {13},
number = {Suppl 6:S1} 
}

@article{ZerBir08,
author = {D.~R. Zerbino and E. Birney}, 
title = {Velvet: algorithms for de novo short read assembly using de Bruijn graphs}, 
journal = {Genome Research}, 
year = {2008},
volume = {18}, 
pages = {821-829}
}

@article{RRR07,
 author = {R. Raman and V. Raman and S.~R. Satti},
 title = {Succinct indexable dictionaries with applications to encoding k-ary trees, prefix sums and multisets},
 journal = {ACM Trans. Algorithms},
 issue_date = {November 2007},
 volume = {3},
 number = {4},
 month = nov,
 year = {2007},
 issn = {1549-6325},
 articleno = {43},
 url = {http://doi.acm.org/10.1145/1290672.1290680},
 doi = {10.1145/1290672.1290680},
 acmid = {1290680},
 publisher = {ACM},
 address = {New York, NY, USA},
 keywords = {Dictionaries, multisets, perfect hashing, prefix sums, sets, succinct data structures, tries},
}

@article{FLMM09,
  author =       "P. Ferragina and F. Luccio and G. Manzini and S. Muthukrishnan",
  title =        "{Compressing and indexing labeled trees, with applications}",
  journal =      "{Journal of the ACM}",
  volume =       "57",
  number =       "1",
  pages =        "4:1--4:33",
  year =         "2009",
}

@TechReport{BurWhe94,
  author =       "M. Burrows and D.~J. Wheeler",
  title =        "{A Block-sorting Lossless Data Compression Algorithms}",
  institution =  "Digital SRC Research Report",
  number =       "124",
  year =         "1994",
  annote =       "{\tt http://gatekeeper.dec.com/pub/DEC/SRC/research-reports/abstracts/src-rr-124.html}",
}

@Article{FerManMakNav06,
  author        = "P. Ferragina and G. Manzini and V. M{\"a}kinen and G. Navarro",
  title         = "{Compressed Representations of Sequences and Full-Text Indexes}",
  journal =      "{ACM Transactions on Algorithms}",
  volume =       "3",
  number =       "2",
  pages =        "No. 20",
  year          = {2006},
}

@misc{NavSad10,
  author = "G. Navarro and K. Sadakane",
  title = {Fully-Functional Static and Dynamic Succinct Trees},
  year = {2010},
  note = {
  Submitted for journal publication.
  Available at 
  http://arxiv.org/abs/0905.0768.
  A preliminary version appeared in Proc. ACM-SIAM SODA,
  pp.~134--149, 2010.}
}

@Article{deBruijn46,
  author = "N.~G. De~Bruijn",
  title =  "A Combinatorial Problem",
  journal = "Koninklijke Nederlandse Akademie v. Wetenschappen",
  volume = 49,
  pages = "758?-764",
  year = 1946,
}

@Article{CleWit84,
  author =       "J.~G. Cleary and I.~H. Witten",
  title =        "{Data Compression Using Adaptive Coding and
                   Partial String Matching}",
  journal =      "IEEE Trans. on Commun.",
  volume =       "COM-32",
  number =       "4",
  pages =        "396--402",
  month =        apr,
  year =         "1984",
}

@Article{FerMan05,
  author =       "P. Ferragina and G. Manzini",
  title =        "{Indexing compressed texts}",
  journal =      "Journal of the ACM",
  volume =       "52",
  number =       "4",
  pages =        "552--581",
  year =         "2005",
}

@inproceedings{OkaSad07,
  author  = "D. Okanohara and K. Sadakane",
  title   = "{Practical Entropy-Compressed Rank/ Select Dictionary}",
  booktitle  = "Proc. of Workshop on Algorithm Engineering and Experiments (ALENEX)",
  year    = 2007,
}
